2412 3496
599 478 657 525 46
1000 491 1278 525 CONCILIUM
1311 490 1641 531 Qussnncnusn

598 596 1018 659 praeparationem,
1057 602 1104 643 et
1139 594 1375 642 fervidam
1407 595 1680 643 orationem
1705 611 1899 659 semper
1920 614 2037 661 prae.

598 685 814 731 mittunt.

662 766 811 813 Aliud
835 766 986 813 etiam
1011 763 1264 825 Episcopis
1287 762 1635 822 gravissimum
1663 779 1846 812 munus
1880 767 2037 829 impo-

597 852 767 904 situm,
804 865 979 911 nempe
1012 847 1186 909 populo
1219 846 1487 894 christiano
1511 847 1744 908 parochos
1776 851 2035 911 praeficere.

599 934 726 980 Cum
751 932 902 987 enim,
944 937 994 978 ut
1018 931 1081 978 ait
1110 929 1389 977 Concilium
1414 929 1780 987 Tridentinum,
1805 933 2037 995 expediat

599 1019 815 1066 maxime
839 1017 1116 1063 animarum
1143 1013 1289 1061 saiuti
1309 1031 1335 1061 a
1352 1012 1516 1075 dignis
1535 1020 1580 1061 et
1599 1015 1792 1062 idoneis
1810 1019 2035 1078 parochis

597 1101 868 1164 gubernari,
927 1100 1006 1146 nbi
1054 1097 1327 1145 constiterit
1380 1098 1647 1145 ecclesiam
1703 1101 2035 1161 parochialem

597 1202 784 1240 vacare,
808 1185 976 1231 statim
1017 1183 1302 1244 EpiscopuS,
1326 1182 1453 1229 inter
1487 1198 1570 1229 cos
1605 1197 1743 1243 quos,
1767 1200 1816 1232 re
1843 1194 2034 1235 mature

600 1288 848 1335 perpensa,
873 1270 1046 1329 dignos
1066 1268 1361 1328 cognoverit,
1380 1283 1496 1314 eum
1517 1267 1667 1329 eligat
1686 1284 1834 1329 quem
1856 1278 2034 1328 aetate,

597 1357 824 1410 moribus,
867 1354 1102 1407 doctrina,
1158 1351 1521 1413 prudentiaque,
1558 1360 1607 1399 et
1647 1352 1757 1400 aliis
1797 1354 1941 1403 rebus
1970 1356 2034 1404 ad

593 1447 850 1488 vacantem
876 1437 1139 1485 ecclesiam
1164 1436 1534 1497 gubernandam
1554 1440 1853 1499 opportunis,
1873 1442 2034 1504 magis

593 1525 826 1572 idoneum
887 1521 1178 1583 judicaverit
1240 1520 1384 1576 (Sess.
1456 1518 1645 1567 XXIV.
1700 1520 1773 1568 De
1829 1522 2030 1581 Reform.

593 1631 689 1677 cap.
719 1612 815 1669 18).

653 1696 891 1744 Similiter
912 1693 1139 1755 Episcopi
1163 1694 1401 1754 propriam
1427 1692 1682 1741 dioecesim
1705 1710 1788 1755 per
1827 1696 2031 1758 seipsos,

590 1789 690 1837 aut,
710 1783 751 1828 si
771 1780 990 1840 legitime
1010 1778 1233 1839 impediti
1254 1778 1445 1832 fuerint,
1466 1793 1546 1839 por
1565 1794 1710 1826 suum
1732 1780 2030 1830 Generalem

591 1866 857 1918 Vicarium‚
882 1869 964 1909 aut
989 1878 1071 1923 per
1093 1862 1214 1908 alios
1239 1861 1300 1908 ad
1336 1861 1430 1908 hoc
1466 1862 1683 1909 officium
1703 1862 2028 1925 deputandos,

590 1951 630 1997 si
656 1948 920 2010 quotannis
945 1954 1114 2000 totam,
1139 1955 1326 2007 propter
1347 1949 1453 2008 ejus
1477 1947 1810 2003 latitudinem,
1831 1950 2030 1998 visitare

591 2048 688 2080 non
715 2036 950 2092 poterunt,
991 2030 1167 2075 saltem
1197 2029 1465 2075 notabiieni
1491 2031 1594 2090 ejus
1619 2037 1805 2091 partem
1832 2033 2031 2082 visitare

591 2133 687 2164 non
740 2116 1116 2177 praetermittant.
1184 2114 1538 2161 Visitationum
1585 2124 1753 2162 autem
1800 2118 2029 2166 omnium

589 2202 791 2248 istarum
847 2199 1118 2260 praecipuus
1166 2199 1228 2244 sit
1271 2214 1463 2260 scopus,
1524 2208 1690 2261 proeter
1727 2204 2028 2252 sacramenti

588 2285 988 2332 Confirmationis
1043 2283 1541 2340 administrationem,
1621 2300 1795 2333 sanam
1867 2288 2027 2335 ortho-

587 2372 863 2430 doxamque
887 2369 1175 2424 doctrinam,
1211 2370 1430 2430 expulsis
1453 2369 1731 2426 haeresibus‚
1759 2370 1990 2420 inducere
2014 2390 2026 2431 3

587 2458 739 2503 bonos
766 2471 921 2502 mores
940 2455 1079 2508 tueri,
1104 2470 1274 2515 pravos
1297 2455 1530 2515 corrigere
1557 2472 1569 2510 ;
1593 2456 1827 2516 populum
1854 2458 2026 2505 exhor·

584 2540 853 2588 tutionibns
878 2546 924 2584 et
948 2538 1369 2585 admonitionibus
1393 2538 1453 2584 ad
1490 2540 1793 2599 religionem,
1833 2557 2026 2602 pacem,

585 2626 1018 2684 innocentiamque
1065 2624 1329 2671 accendere
1355 2641 1368 2681 ;
1436 2634 1628 2679 caetera‚
1683 2635 1822 2688 prout
1868 2629 2024 2685 iocus,

586 2717 778 2772 tempus
803 2717 851 2755 et
875 2709 1068 2755 occasio
1092 2709 1223 2763 feret,
1248 2725 1304 2755 ex
1330 2710 1641 2757 visitantium
1665 2712 1938 2772 prudentia,
1962 2713 2023 2761 ad

585 2794 803 2841 fidelium
868 2794 1093 2847 finctum,
1157 2795 1468 2841 constituere.
1534 2797 1656 2850 Quae
1718 2803 1772 2844 ut
1826 2797 2023 2846 facilius

584 2881 871 2940 feliciusque
924 2880 1121 2935 faciant,
1179 2888 1441 2928 monentur
1491 2882 1710 2944 praedicti
1754 2900 1931 2932 omnes
1974 2891 2024 2933 et
