2420 3496
1002 396 1336 431 rnovmcmm
1368 398 1445 431 111.
1891 384 1950 430 55

508 498 811 562 patentibus,
834 499 929 547 hoc
953 500 1097 563 primi
1121 502 1335 550 Concilii
1357 507 1546 558 votum,
1589 515 1788 549 summo
1829 490 1949 558 zelo,

509 583 711 645 magnis
733 583 987 645 impensIs,
1009 590 1073 641 et,
1095 586 1201 633 Deo
1223 585 1409 648 optimo
1424 586 1646 646 juvante,
1670 583 1767 631 huc
1791 598 1947 644 usque

509 667 645 715 felici
697 667 851 724 exi'tU,
906 669 1112 730 exsequi
1167 670 1472 732 susceperint
1525 669 1578 717 in
1614 668 1949 717 Universitate

510 750 813 806 Lavallensi,
836 767 928 799 nos
961 752 1065 799 Deo
1087 753 1268 814 gratias
1308 753 1526 814 agendas
1548 752 1785 801 duximus
1824 753 1953 800 tanti

510 835 744 882 beneficii
766 836 954 883 auctori
988 842 1036 884 et
1067 853 1233 899 preces
1271 837 1548 885 fundendas
1581 844 1637 885 ut
1672 836 1952 899 supradicta

510 919 820 967 Universitas
847 918 941 981 fiat
985 921 1102 967 sicut·
1148 921 1255 968 odor
1277 923 1388 985 agri
1428 923 1552 986 pleni
1608 923 1681 969 cui
1731 922 1951 970 benedixit

511 1002 732 1049 Dominus
758 1003 907 1066 (Gen.
930 1003 1129 1052 XXVII.
1153 1004 1275 1064 27.),
1298 1013 1345 1051 ut
1365 1006 1512 1069 magis
1530 1022 1584 1053 ac
1599 1006 1747 1068 magis
1763 1004 1953 1051 abundet

511 1088 558 1133 in
579 1088 758 1134 scientia
781 1095 821 1133 et
854 1088 900 1133 in
923 1090 1037 1135 omni
1073 1106 1215 1147 sensu,
1251 1098 1291 1137 et
1328 1090 1550 1154 repleatur
1583 1089 1736 1148 fructu
1762 1090 1951 1153 jraesliliae

508 1188 592 1234 per
612 1171 764 1217 Jesum
789 1170 1014 1218 Christum
1035 1173 1081 1219 in
1096 1173 1292 1236 gloriam
1314 1181 1353 1220 et
1375 1173 1661 1221 laudemD‘ei
1687 1174 1889 1237 (Philip.
1913 1174 1952 1221 Ι.

511 1259 558 1304 9.
586 1254 702 1314 n).

578 1343 796 1405 Insuper,
857 1342 1093 1405 inspectis
1149 1343 1295 1391 variis
1348 1343 1548 1407 hujusce
1603 1344 1954 1392 Universitatis

514 1427 698 1488 regulis
732 1442 789 1474 ac
830 1427 1044 1484 statutis,
1083 1427 1186 1475 sive
1228 1443 1336 1489 quae
1374 1427 1437 1475 ad
1476 1427 1815 1489 disciplinam,
1854 1428 1957 1476 sive

515 1526 625 1573 quae
649 1510 946 1559 adssdocencli
968 1511 1171 1559 modum
1193 1517 1431 1574 spectant,
1467 1512 1591 1559 nihil
1633 1512 1885 1560 invenisse
1925 1529 1956 1561 a

514 1601 643 1643 recta
664 1594 761 1643 fide
785 1600 836 1643 et
858 1594 995 1644 sanis
1018 1595 1234 1643 moribus
1257 1596 1477 1643 alienum
1501 1596 1830 1644 declaramus.

580 1681 764 1729 Omnes
787 1680 934 1742 igitur
973 1680 1177 1743 hujusce
1214 1680 1492 1728 Provinciae
1522 1679 1709 1736 fideles,
1750 1687 1801 1729 et
1838 1696 1956 1743 prae-

516 1767 686 1815 sertim
710 1772 936 1829 parentes
959 1766 1207 1815 hortamur
1229 1771 1278 1814 et
1300 1767 1615 1814 obsecramus
1641 1766 1692 1814 in
1716 1766 1955 1824 Domino,

515 1855 586 1907 ut,
610 1851 689 1898 sui
713 1866 955 1899 memores
976 1850 1138 1907 officii,
1160 1851 1372 1898 filiorum
1412 1865 1614 1898 suorum
1652 1849 1769 1897 fidei
1809 1850 1953 1898 mori-

516 1935 708 1997 busque
752 1935 1099 1983 conservandis
1141 1934 1400 1996 invigilent
1444 1939 1494 1982 et
1536 1934 1854 1997 prospiciant,
1898 1950 1958 1982 ac

519 2020 723 2068 nonnisi
743 2019 797 2067 in
812 2018 1120 2067 saluberrimo
1134 2018 1266 2066 fonte
1281 2016 1512 2066 doctrinae
1526 2033 1680 2079 aquas
1695 2016 1961 2078 requirant.

1030 2227 1309 2260 DECRETVM
1342 2227 1453 2259 xnx.

520 2332 594 2381 De
625 2332 917 2398 publicatione
952 2330 1239 2379 Decretorum
1271 2329 1399 2393 hujus
1423 2329 1617 2376 Concilii
1637 2327 1952 2375 Prouincialis.

582 2452 793 2500 Decreta
837 2449 982 2512 hujus
1026 2448 1211 2512 Synodi
1253 2446 1576 2495 Provincialis
1628 2461 1777 2493 nemo
1829 2446 1961 2508 prelo

520 2535 749 2597 subjiciat
792 2542 879 2582 aut
921 2533 1208 2596 promulget,
1247 2536 1514 2593 antequam
1550 2545 1580 2578 a
1619 2530 1803 2582 Sancta
1835 2527 1961 2577 Sede

520 2620 820 2683 Apostolica‚
835 2620 977 2681 J'uxta
1000 2617 1419 2667 Constitutionem
1442 2615 1568 2663 Sixti
1585 2614 1630 2661 V
1647 2630 1757 2676 quae
1788 2613 1966 2677 incipit

520 2703 756 2762 Immensa,
784 2704 943 2752 revisa
964 2708 1013 2752 et
1035 2701 1285 2763 recognita
1307 2699 1498 2748 fuerint.
1578 2697 1773 2746 Litteris
1796 2704 1967 2746 autem

521 2788 701 2851 quibus
724 2788 811 2837 illa
847 2788 1197 2837 confirmentur
1231 2801 1260 2834 a
1299 2784 1571 2833 Sanctitate
1611 2783 1709 2832 Sua
1733 2781 1968 2841 obtentis,
