<?xml version="1.0" encoding="UTF-8"?>
<!DOCTYPE html PUBLIC "-//W3C//DTD XHTML 1.0 Transitional//EN"
    "http://www.w3.org/TR/xhtml1/DTD/xhtml1-transitional.dtd">
<html xmlns="http://www.w3.org/1999/xhtml" xml:lang="en" lang="en">
 <head>
  <title>
</title>
<meta http-equiv="Content-Type" content="text/html;charset=utf-8" />
  <meta name='ocr-system' content='tesseract 3.04.00' />
  <meta name='ocr-capabilities' content='ocr_page ocr_carea ocr_par ocr_line ocrx_word'/>
</head>
<body>
  <div class='ocr_page' id='page_1' title='image "./cihm_04551_0059.png"; bbox 0 0 2420 3496; ppageno 0'>
   <div class='ocr_carea' id='block_1_1' title="bbox 575 430 1628 480">
    <p class='ocr_par' dir='ltr' id='par_1_1' title="bbox 575 430 1628 480">
     <span class='ocr_line' id='line_1_1' title="bbox 575 430 1628 480; baseline -0.003 -5"><span class='ocrx_word' id='word_1_1' title='bbox 575 430 643 475; x_wconf 80' lang='lat'>54·</span> <span class='ocrx_word' id='word_1_2' title='bbox 984 441 1271 475; x_wconf 65' lang='lat' dir='ltr'>cononum.</span> <span class='ocrx_word' id='word_1_3' title='bbox 1288 439 1628 480; x_wconf 60' lang='lat' dir='ltr'>annuamus-n·</span> 
     </span>
    </p>
   </div>
   <div class='ocr_carea' id='block_1_2' title="bbox 572 543 2017 946">
    <p class='ocr_par' dir='ltr' id='par_1_2' title="bbox 572 543 2017 946">
     <span class='ocr_line' id='line_1_2' title="bbox 572 543 2017 607; baseline -0.003 -14"><span class='ocrx_word' id='word_1_4' title='bbox 572 550 766 594; x_wconf 74' lang='lat' dir='ltr'>nostras</span> <span class='ocrx_word' id='word_1_5' title='bbox 787 545 1000 594; x_wconf 83' lang='lat' dir='ltr'>facimus</span> <span class='ocrx_word' id='word_1_6' title='bbox 1022 545 1257 607; x_wconf 85' lang='lat' dir='ltr'>religione</span> <span class='ocrx_word' id='word_1_7' title='bbox 1281 549 1329 591; x_wconf 85' lang='lat' dir='ltr'>et</span> <span class='ocrx_word' id='word_1_8' title='bbox 1361 543 1541 606; x_wconf 85' lang='lat' dir='ltr'>pietate</span> <span class='ocrx_word' id='word_1_9' title='bbox 1565 543 1741 606; x_wconf 87' lang='lat' dir='ltr'>plenas</span> <span class='ocrx_word' id='word_1_10' title='bbox 1783 548 2017 605; x_wconf 80' lang='lat' dir='ltr'>protesta-</span> 
     </span>
     <span class='ocr_line' id='line_1_3' title="bbox 572 626 2014 691; baseline -0.003 -12"><span class='ocrx_word' id='word_1_11' title='bbox 572 631 736 679; x_wconf 77' lang='lat' dir='ltr'>tiones</span> <span class='ocrx_word' id='word_1_12' title='bbox 757 631 810 679; x_wconf 91' lang='lat' dir='ltr'>in</span> <span class='ocrx_word' id='word_1_13' title='bbox 833 631 1046 679; x_wconf 88' lang='lat' dir='ltr'>favorem</span> <span class='ocrx_word' id='word_1_14' title='bbox 1082 630 1276 678; x_wconf 80' lang='lat' dir='ltr'>Sanctae</span> <span class='ocrx_word' id='word_1_15' title='bbox 1300 627 1455 686; x_wconf 84' lang='lat' dir='ltr'>Sedis,</span> <span class='ocrx_word' id='word_1_16' title='bbox 1478 628 1846 691; x_wconf 88' lang='lat' dir='ltr'>Episcoporum,</span> <span class='ocrx_word' id='word_1_17' title='bbox 1884 626 2014 675; x_wconf 88' lang='lat' dir='ltr'>Cleri</span> 
     </span>
     <span class='ocr_line' id='line_1_4' title="bbox 574 711 2014 774; baseline -0.003 -10"><span class='ocrx_word' id='word_1_18' title='bbox 574 715 783 764; x_wconf 88' lang='lat' dir='ltr'>secundi</span> <span class='ocrx_word' id='word_1_19' title='bbox 826 714 1011 763; x_wconf 80' lang='lat' dir='ltr'>ordinis</span> <span class='ocrx_word' id='word_1_20' title='bbox 1054 720 1106 762; x_wconf 80' lang='lat' dir='ltr'>et.</span> <span class='ocrx_word' id='word_1_21' title='bbox 1156 713 1320 761; x_wconf 84' lang='lat' dir='ltr'>Plebis</span> <span class='ocrx_word' id='word_1_22' title='bbox 1365 712 1662 768; x_wconf 85' lang='lat' dir='ltr'>christianae,</span> <span class='ocrx_word' id='word_1_23' title='bbox 1705 711 1791 774; x_wconf 92' lang='lat' dir='ltr'>qui</span> <span class='ocrx_word' id='word_1_24' title='bbox 1842 711 2014 759; x_wconf 85' lang='lat' dir='ltr'>Romae</span> 
     </span>
     <span class='ocr_line' id='line_1_5' title="bbox 573 796 2012 862; baseline -0.005 -12"><span class='ocrx_word' id='word_1_25' title='bbox 573 800 796 857; x_wconf 84' lang='lat' dir='ltr'>aderaut,</span> <span class='ocrx_word' id='word_1_26' title='bbox 835 806 1048 862; x_wconf 86' lang='lat' dir='ltr'>tempore</span> <span class='ocrx_word' id='word_1_27' title='bbox 1087 796 1487 846; x_wconf 81' lang='lat' dir='ltr'>Canoni&#39;sationis</span> <span class='ocrx_word' id='word_1_28' title='bbox 1533 797 1829 846; x_wconf 87' lang='lat' dir='ltr'>Sanctorum</span> <span class='ocrx_word' id='word_1_29' title='bbox 1867 796 2012 859; x_wconf 91' lang='lat' dir='ltr'>Japo-</span> 
     </span>
     <span class='ocr_line' id='line_1_6' title="bbox 577 881 2014 946; baseline -0.005 -12"><span class='ocrx_word' id='word_1_30' title='bbox 577 885 830 941; x_wconf 74' lang='lat' dir='ltr'>mensium,</span> <span class='ocrx_word' id='word_1_31' title='bbox 846 884 1127 946; x_wconf 85' lang='lat' dir='ltr'>eisdemque</span> <span class='ocrx_word' id='word_1_32' title='bbox 1143 889 1326 939; x_wconf 88' lang='lat' dir='ltr'>mente,</span> <span class='ocrx_word' id='word_1_33' title='bbox 1345 881 1488 931; x_wconf 86' lang='lat' dir='ltr'>corde</span> <span class='ocrx_word' id='word_1_34' title='bbox 1513 888 1563 930; x_wconf 91' lang='lat' dir='ltr'>et</span> <span class='ocrx_word' id='word_1_35' title='bbox 1586 897 1664 930; x_wconf 91' lang='lat' dir='ltr'>ore</span> <span class='ocrx_word' id='word_1_36' title='bbox 1688 881 2014 931; x_wconf 87' lang='lat' dir='ltr'>adhaeremus.</span> 
     </span>
    </p>
   </div>
   <div class='ocr_carea' id='block_1_3' title="bbox 947 1091 1629 1243">
    <p class='ocr_par' dir='ltr' id='par_1_3' title="bbox 947 1091 1629 1243">
     <span class='ocr_line' id='line_1_7' title="bbox 1084 1091 1491 1125; baseline -0.002 -1"><span class='ocrx_word' id='word_1_37' title='bbox 1084 1091 1368 1125; x_wconf 69' lang='lat' dir='ltr'>Dncnn&#39;rmu</span> <span class='ocrx_word' id='word_1_38' title='bbox 1402 1091 1491 1124; x_wconf 73' lang='grc' dir='ltr'>ΧΠ.</span> 
     </span>
     <span class='ocr_line' id='line_1_8' title="bbox 947 1192 1629 1243; baseline -0.006 0"><span class='ocrx_word' id='word_1_39' title='bbox 947 1194 1021 1243; x_wconf 77' lang='lat' dir='ltr'>De</span> <span class='ocrx_word' id='word_1_40' title='bbox 1051 1194 1337 1242; x_wconf 79' lang='lat' dir='ltr'>Universitate</span> <span class='ocrx_word' id='word_1_41' title='bbox 1359 1192 1629 1242; x_wconf 79' lang='lat' dir='ltr'>Lavallensi.</span> 
     </span>
    </p>
   </div>
   <div class='ocr_carea' id='block_1_4' title="bbox 572 1310 2019 1701">
    <p class='ocr_par' dir='ltr' id='par_1_4' title="bbox 572 1310 2019 1701">
     <span class='ocr_line' id='line_1_9' title="bbox 637 1310 2018 1375; baseline -0.003 -13"><span class='ocrx_word' id='word_1_42' title='bbox 637 1314 974 1375; x_wconf 74' lang='lat' dir='ltr'>Int&#39;elligentes</span> <span class='ocrx_word' id='word_1_43' title='bbox 998 1312 1129 1360; x_wconf 80' lang='lat' dir='ltr'>nihil·</span> <span class='ocrx_word' id='word_1_44' title='bbox 1147 1312 1307 1373; x_wconf 85' lang='lat' dir='ltr'>magis</span> <span class='ocrx_word' id='word_1_45' title='bbox 1340 1318 1511 1374; x_wconf 86' lang='lat' dir='ltr'>aptum</span> <span class='ocrx_word' id='word_1_46' title='bbox 1550 1327 1658 1359; x_wconf 89' lang='lat' dir='ltr'>esse</span> <span class='ocrx_word' id='word_1_47' title='bbox 1700 1310 1865 1373; x_wconf 80' lang='lat' dir='ltr'>quam&#39;</span> <span class='ocrx_word' id='word_1_48' title='bbox 1891 1310 2018 1359; x_wconf 75' lang='lat' dir='ltr'>Uni·</span> 
     </span>
     <span class='ocr_line' id='line_1_10' title="bbox 573 1394 2015 1457; baseline -0.001 -12"><span class='ocrx_word' id='word_1_49' title='bbox 573 1398 856 1446; x_wconf 80' lang='lat' dir='ltr'>versitatem</span> <span class='ocrx_word' id='word_1_50' title='bbox 878 1397 1190 1452; x_wconf 84' lang='lat' dir='ltr'>catholicam,</span> <span class='ocrx_word' id='word_1_51' title='bbox 1208 1395 1269 1444; x_wconf 86' lang='lat' dir='ltr'>ad</span> <span class='ocrx_word' id='word_1_52' title='bbox 1289 1395 1555 1445; x_wconf 86' lang='lat' dir='ltr'>servandos</span> <span class='ocrx_word' id='word_1_53' title='bbox 1575 1412 1735 1444; x_wconf 89' lang='lat' dir='ltr'>mores</span> <span class='ocrx_word' id='word_1_54' title='bbox 1767 1394 2015 1457; x_wconf 89' lang='lat' dir='ltr'>fidemque</span> 
     </span>
     <span class='ocr_line' id='line_1_11' title="bbox 576 1480 2017 1545; baseline -0.001 -16"><span class='ocrx_word' id='word_1_55' title='bbox 576 1480 808 1530; x_wconf 83' lang='lat' dir='ltr'>studiosae</span> <span class='ocrx_word' id='word_1_56' title='bbox 855 1482 1149 1543; x_wconf 88' lang='lat' dir='ltr'>juventutis,</span> <span class='ocrx_word' id='word_1_57' title='bbox 1206 1487 1312 1543; x_wconf 89' lang='lat' dir='ltr'>post</span> <span class='ocrx_word' id='word_1_58' title='bbox 1365 1488 1619 1545; x_wconf 89' lang='lat' dir='ltr'>peractum</span> <span class='ocrx_word' id='word_1_59' title='bbox 1673 1481 1726 1528; x_wconf 93' lang='lat' dir='ltr'>in</span> <span class='ocrx_word' id='word_1_60' title='bbox 1780 1480 2017 1542; x_wconf 86' lang='lat' dir='ltr'>Collegiis</span> 
     </span>
     <span class='ocr_line' id='line_1_12' title="bbox 572 1566 2019 1630; baseline -0.001 -15"><span class='ocrx_word' id='word_1_61' title='bbox 572 1568 920 1616; x_wconf 86' lang='lat' dir='ltr'>humaniarum</span> <span class='ocrx_word' id='word_1_62' title='bbox 944 1567 1213 1616; x_wconf 85' lang='lat' dir='ltr'>litterarum</span> <span class='ocrx_word' id='word_1_63' title='bbox 1248 1574 1295 1616; x_wconf 83' lang='lat' dir='ltr'>et</span> <span class='ocrx_word' id='word_1_64' title='bbox 1317 1566 1638 1630; x_wconf 72' lang='lat' dir='ltr'>philosophiae</span> <span class='ocrx_word' id='word_1_65' title='bbox 1674 1566 1973 1615; x_wconf 88' lang='lat' dir='ltr'>curriculum</span> <span class='ocrx_word' id='word_1_66' title='bbox 1999 1582 2019 1623; x_wconf 79' lang='lat'>;</span> 
     </span>
     <span class='ocr_line' id='line_1_13' title="bbox 574 1650 2014 1701; baseline -0.001 -1"><span class='ocrx_word' id='word_1_67' title='bbox 574 1653 639 1700; x_wconf 85' lang='lat' dir='ltr'>ad</span> <span class='ocrx_word' id='word_1_68' title='bbox 661 1652 938 1700; x_wconf 84' lang='lat' dir='ltr'>animorum</span> <span class='ocrx_word' id='word_1_69' title='bbox 962 1652 1201 1700; x_wconf 89' lang='lat' dir='ltr'>unionem</span> <span class='ocrx_word' id='word_1_70' title='bbox 1233 1651 1495 1701; x_wconf 88' lang='lat' dir='ltr'>fovendam</span> <span class='ocrx_word' id='word_1_71' title='bbox 1521 1652 1649 1699; x_wconf 91' lang='lat' dir='ltr'>inter</span> <span class='ocrx_word' id='word_1_72' title='bbox 1687 1651 1823 1700; x_wconf 87' lang='lat' dir='ltr'>cives</span> <span class='ocrx_word' id='word_1_73' title='bbox 1846 1650 2014 1699; x_wconf 83' lang='lat' dir='ltr'>catho-</span> 
     </span>
    </p>
   </div>
   <div class='ocr_carea' id='block_1_5' title="bbox 574 1735 2018 2207">
    <p class='ocr_par' dir='ltr' id='par_1_5' title="bbox 574 1735 2018 2207">
     <span class='ocr_line' id='line_1_14' title="bbox 574 1735 2016 1797; baseline 0 -14"><span class='ocrx_word' id='word_1_74' title='bbox 574 1736 700 1784; x_wconf 87' lang='lat' dir='ltr'>licos</span> <span class='ocrx_word' id='word_1_75' title='bbox 721 1735 866 1796; x_wconf 86' lang='lat' dir='ltr'>hujus</span> <span class='ocrx_word' id='word_1_76' title='bbox 888 1735 1158 1783; x_wconf 87' lang='lat' dir='ltr'>Provinciae</span> <span class='ocrx_word' id='word_1_77' title='bbox 1178 1751 1191 1792; x_wconf 92' lang='lat'>;</span> <span class='ocrx_word' id='word_1_78' title='bbox 1224 1735 1286 1783; x_wconf 91' lang='lat' dir='ltr'>ad</span> <span class='ocrx_word' id='word_1_79' title='bbox 1304 1742 1486 1784; x_wconf 85' lang='lat' dir='ltr'>sanctae</span> <span class='ocrx_word' id='word_1_80' title='bbox 1505 1735 1761 1797; x_wconf 86' lang='lat' dir='ltr'>religionis</span> <span class='ocrx_word' id='word_1_81' title='bbox 1778 1735 2016 1783; x_wconf 84' lang='lat' dir='ltr'>honorem</span> 
     </span>
     <span class='ocr_line' id='line_1_15' title="bbox 574 1819 2016 1883; baseline 0 -15"><span class='ocrx_word' id='word_1_82' title='bbox 574 1819 978 1883; x_wconf 86' lang='lat' dir='ltr'>promovendum,</span> <span class='ocrx_word' id='word_1_83' title='bbox 1001 1820 1177 1869; x_wconf 87' lang='lat' dir='ltr'>studiis</span> <span class='ocrx_word' id='word_1_84' title='bbox 1193 1821 1442 1882; x_wconf 89' lang='lat' dir='ltr'>juniorum</span> <span class='ocrx_word' id='word_1_85' title='bbox 1474 1820 1831 1869; x_wconf 86' lang='lat' dir='ltr'>catholicorum</span> <span class='ocrx_word' id='word_1_86' title='bbox 1865 1822 2016 1882; x_wconf 86' lang='lat' dir='ltr'>majo-</span> 
     </span>
     <span class='ocr_line' id='line_1_16' title="bbox 577 1904 2016 1967; baseline 0.001 -16"><span class='ocrx_word' id='word_1_87' title='bbox 577 1920 682 1952; x_wconf 90' lang='lat' dir='ltr'>rem</span> <span class='ocrx_word' id='word_1_88' title='bbox 740 1904 980 1966; x_wconf 86' lang='lat' dir='ltr'>impetum</span> <span class='ocrx_word' id='word_1_89' title='bbox 1034 1904 1374 1967; x_wconf 86' lang='lat' dir='ltr'>imprimendo,</span> <span class='ocrx_word' id='word_1_90' title='bbox 1427 1905 1751 1967; x_wconf 84' lang='lat' dir='ltr'>altioremque</span> <span class='ocrx_word' id='word_1_91' title='bbox 1806 1920 2016 1967; x_wconf 87' lang='lat' dir='ltr'>scopum</span> 
     </span>
     <span class='ocr_line' id='line_1_17' title="bbox 579 1988 2018 2052; baseline 0.001 -17"><span class='ocrx_word' id='word_1_92' title='bbox 579 1988 906 2051; x_wconf 90' lang='lat' dir='ltr'>proponendo,</span> <span class='ocrx_word' id='word_1_93' title='bbox 929 1994 978 2036; x_wconf 92' lang='lat' dir='ltr'>et</span> <span class='ocrx_word' id='word_1_94' title='bbox 1000 1988 1204 2036; x_wconf 88' lang='lat' dir='ltr'>tandem</span> <span class='ocrx_word' id='word_1_95' title='bbox 1225 1989 1397 2052; x_wconf 90' lang='lat' dir='ltr'>probos</span> <span class='ocrx_word' id='word_1_96' title='bbox 1419 1996 1468 2038; x_wconf 91' lang='lat' dir='ltr'>et</span> <span class='ocrx_word' id='word_1_97' title='bbox 1501 1989 1671 2038; x_wconf 88' lang='lat' dir='ltr'>doctos</span> <span class='ocrx_word' id='word_1_98' title='bbox 1695 1989 1830 2037; x_wconf 86' lang='lat' dir='ltr'>cives</span> <span class='ocrx_word' id='word_1_99' title='bbox 1870 1989 2018 2037; x_wconf 86' lang='lat' dir='ltr'>infor-</span> 
     </span>
     <span class='ocr_line' id='line_1_18' title="bbox 582 2072 2018 2136; baseline 0.002 -17"><span class='ocrx_word' id='word_1_100' title='bbox 582 2072 766 2120; x_wconf 86' lang='lat' dir='ltr'>mando</span> <span class='ocrx_word' id='word_1_101' title='bbox 804 2089 816 2129; x_wconf 94' lang='lat'>;</span> <span class='ocrx_word' id='word_1_102' title='bbox 848 2072 993 2134; x_wconf 83' lang='lat' dir='ltr'>primi</span> <span class='ocrx_word' id='word_1_103' title='bbox 1029 2073 1234 2136; x_wconf 89' lang='lat' dir='ltr'>hujusce</span> <span class='ocrx_word' id='word_1_104' title='bbox 1281 2072 1547 2122; x_wconf 75' lang='lat' dir='ltr'>¹‘rovinciae</span> <span class='ocrx_word' id='word_1_105' title='bbox 1592 2075 1806 2123; x_wconf 86' lang='lat' dir='ltr'>Concilii</span> <span class='ocrx_word' id='word_1_106' title='bbox 1849 2074 2018 2122; x_wconf 83' lang='lat' dir='ltr'>Patres</span> 
     </span>
     <span class='ocr_line' id='line_1_19' title="bbox 583 2157 1403 2207; baseline -0.002 -1"><span class='ocrx_word' id='word_1_107' title='bbox 583 2158 836 2206; x_wconf 87' lang='lat' dir='ltr'>decretum</span> <span class='ocrx_word' id='word_1_108' title='bbox 857 2157 1073 2206; x_wconf 82' lang='lat' dir='ltr'>tulerunt</span> <span class='ocrx_word' id='word_1_109' title='bbox 1094 2158 1174 2206; x_wconf 92' lang='lat' dir='ltr'>his</span> <span class='ocrx_word' id='word_1_110' title='bbox 1197 2159 1358 2207; x_wconf 85' lang='lat' dir='ltr'>verbis</span> <span class='ocrx_word' id='word_1_111' title='bbox 1383 2174 1403 2204; x_wconf 75' lang='lat' dir='ltr'>t·</span> 
     </span>
    </p>
   </div>
   <div class='ocr_carea' id='block_1_6' title="bbox 582 2242 2027 2898">
    <p class='ocr_par' dir='ltr' id='par_1_6' title="bbox 582 2242 2024 2638">
     <span class='ocr_line' id='line_1_20' title="bbox 645 2242 2020 2301; baseline 0.002 -11"><span class='ocrx_word' id='word_1_112' title='bbox 645 2248 681 2271; x_wconf 59' lang='lat'>“⁴</span> <span class='ocrx_word' id='word_1_113' title='bbox 697 2242 834 2290; x_wconf 85' lang='lat' dir='ltr'>Nihil</span> <span class='ocrx_word' id='word_1_114' title='bbox 896 2258 1006 2290; x_wconf 88' lang='lat' dir='ltr'>vero</span> <span class='ocrx_word' id='word_1_115' title='bbox 1060 2244 1203 2292; x_wconf 88' lang='lat' dir='ltr'>nobis</span> <span class='ocrx_word' id='word_1_116' title='bbox 1258 2260 1358 2292; x_wconf 87' lang='lat' dir='ltr'>non</span> <span class='ocrx_word' id='word_1_117' title='bbox 1411 2244 1751 2293; x_wconf 77' lang='lat' dir='ltr'>emoliendum</span> <span class='ocrx_word' id='word_1_118' title='bbox 1805 2245 1911 2301; x_wconf 91' lang='lat' dir='ltr'>erit,</span> <span class='ocrx_word' id='word_1_119' title='bbox 1964 2251 2020 2294; x_wconf 85' lang='lat' dir='ltr'>ut</span> 
     </span>
     <span class='ocr_line' id='line_1_21' title="bbox 583 2327 2022 2394; baseline 0.001 -17"><span class='ocrx_word' id='word_1_120' title='bbox 583 2327 843 2384; x_wconf 83' lang='lat' dir='ltr'>Catholici,</span> <span class='ocrx_word' id='word_1_121' title='bbox 875 2343 966 2375; x_wconf 84' lang='lat' dir='ltr'>sua</span> <span class='ocrx_word' id='word_1_122' title='bbox 993 2328 1104 2389; x_wconf 87' lang='lat' dir='ltr'>jura</span> <span class='ocrx_word' id='word_1_123' title='bbox 1144 2329 1427 2388; x_wconf 84' lang='lat' dir='ltr'>retinentes,</span> <span class='ocrx_word' id='word_1_124' title='bbox 1464 2330 1647 2377; x_wconf 83' lang='lat' dir='ltr'>scholis</span> <span class='ocrx_word' id='word_1_125' title='bbox 1689 2330 1783 2379; x_wconf 88' lang='lat' dir='ltr'>sibi</span> <span class='ocrx_word' id='word_1_126' title='bbox 1820 2331 2022 2394; x_wconf 76' lang='lat' dir='ltr'>propriis</span> 
     </span>
     <span class='ocr_line' id='line_1_22' title="bbox 582 2411 2024 2476; baseline 0.002 -16"><span class='ocrx_word' id='word_1_127' title='bbox 582 2413 711 2461; x_wconf 78' lang='lat' dir='ltr'>sicu-t</span> <span class='ocrx_word' id='word_1_128' title='bbox 774 2418 824 2460; x_wconf 90' lang='lat' dir='ltr'>et</span> <span class='ocrx_word' id='word_1_129' title='bbox 887 2411 1142 2475; x_wconf 85' lang='lat' dir='ltr'>Collegiis,</span> <span class='ocrx_word' id='word_1_130' title='bbox 1199 2414 1730 2476; x_wconf 82' lang='lat' dir='ltr'>Universitatibusque,</span> <span class='ocrx_word' id='word_1_131' title='bbox 1799 2415 1853 2463; x_wconf 86' lang='lat' dir='ltr'>in</span> <span class='ocrx_word' id='word_1_132' title='bbox 1919 2420 2024 2464; x_wconf 84' lang='lat' dir='ltr'>tota</span> 
     </span>
     <span class='ocr_line' id='line_1_23' title="bbox 585 2496 2019 2561; baseline 0 -15"><span class='ocrx_word' id='word_1_133' title='bbox 585 2503 750 2546; x_wconf 85' lang='lat' dir='ltr'>nostra</span> <span class='ocrx_word' id='word_1_134' title='bbox 790 2497 1047 2546; x_wconf 89' lang='lat' dir='ltr'>Provincia</span> <span class='ocrx_word' id='word_1_135' title='bbox 1084 2498 1305 2546; x_wconf 83' lang='lat' dir='ltr'>fruantur</span> <span class='ocrx_word' id='word_1_136' title='bbox 1328 2500 1356 2521; x_wconf 93' lang='lat'><strong>”</strong></span> <span class='ocrx_word' id='word_1_137' title='bbox 1422 2497 1624 2561; x_wconf 81' lang='lat' dir='ltr'>(Decret.</span> <span class='ocrx_word' id='word_1_138' title='bbox 1666 2496 1774 2546; x_wconf 84' lang='lat' dir='ltr'>XV.</span> <span class='ocrx_word' id='word_1_139' title='bbox 1813 2497 1848 2545; x_wconf 95' lang='lat' dir='ltr'><strong><em>I</em></strong></span> <span class='ocrx_word' id='word_1_140' title='bbox 1883 2498 2019 2546; x_wconf 80' lang='lat' dir='ltr'>Cone.</span> 
     </span>
     <span class='ocr_line' id='line_1_24' title="bbox 588 2580 767 2638; baseline -0.006 -10"><span class='ocrx_word' id='word_1_141' title='bbox 588 2580 767 2638; x_wconf 59' lang='grc' dir='ltr'>ῥυσὰ).</span> 
     </span>
    </p>

    <p class='ocr_par' dir='ltr' id='par_1_7' title="bbox 583 2664 2027 2898">
     <span class='ocr_line' id='line_1_25' title="bbox 646 2664 2020 2725; baseline 0.002 -13"><span class='ocrx_word' id='word_1_142' title='bbox 646 2664 777 2712; x_wconf 89' lang='lat' dir='ltr'>Cum</span> <span class='ocrx_word' id='word_1_143' title='bbox 800 2670 967 2713; x_wconf 87' lang='lat' dir='ltr'>autem</span> <span class='ocrx_word' id='word_1_144' title='bbox 1001 2665 1262 2713; x_wconf 88' lang='lat' dir='ltr'>Seminarii</span> <span class='ocrx_word' id='word_1_145' title='bbox 1298 2666 1637 2722; x_wconf 83' lang='lat' dir='ltr'>Quebecensis</span> <span class='ocrx_word' id='word_1_146' title='bbox 1677 2666 2020 2725; x_wconf 85' lang='lat' dir='ltr'>moderatores,</span> 
     </span>
     <span class='ocr_line' id='line_1_26' title="bbox 583 2749 2022 2813; baseline 0.001 -15"><span class='ocrx_word' id='word_1_147' title='bbox 583 2749 883 2798; x_wconf 84' lang='lat' dir='ltr'>instantibus</span> <span class='ocrx_word' id='word_1_148' title='bbox 908 2749 1289 2813; x_wconf 83' lang='lat' dir='ltr'>Archiepiscopo</span> <span class='ocrx_word' id='word_1_149' title='bbox 1306 2757 1355 2798; x_wconf 89' lang='lat' dir='ltr'>et</span> <span class='ocrx_word' id='word_1_150' title='bbox 1373 2750 1644 2813; x_wconf 87' lang='lat' dir='ltr'>Episcopis,</span> <span class='ocrx_word' id='word_1_151' title='bbox 1662 2751 1860 2800; x_wconf 86' lang='lat' dir='ltr'>favente</span> <span class='ocrx_word' id='word_1_152' title='bbox 1879 2752 2022 2799; x_wconf 89' lang='lat' dir='ltr'>Sum-</span> 
     </span>
     <span class='ocr_line' id='line_1_27' title="bbox 585 2834 2027 2898; baseline 0.001 -16"><span class='ocrx_word' id='word_1_153' title='bbox 585 2850 667 2882; x_wconf 91' lang='lat' dir='ltr'>mo</span> <span class='ocrx_word' id='word_1_154' title='bbox 689 2834 944 2891; x_wconf 69' lang='lat' dir='ltr'>Pontificc,</span> <span class='ocrx_word' id='word_1_155' title='bbox 983 2840 1032 2883; x_wconf 89' lang='lat' dir='ltr'>et</span> <span class='ocrx_word' id='word_1_156' title='bbox 1061 2834 1284 2883; x_wconf 80' lang='lat' dir='ltr'>obtentis·</span> <span class='ocrx_word' id='word_1_157' title='bbox 1306 2835 1632 2898; x_wconf 62' lang='lat' dir='ltr'>⁴amplissimis</span> <span class='ocrx_word' id='word_1_158' title='bbox 1665 2836 1812 2898; x_wconf 84' lang='lat' dir='ltr'>regiis</span> <span class='ocrx_word' id='word_1_159' title='bbox 1844 2835 2027 2884; x_wconf 81' lang='lat' dir='ltr'>litteris.</span> 
     </span>
    </p>
   </div>
   <div class='ocr_carea' id='block_1_7' title="bbox 0 0 2420 3496">
    <p class='ocr_par' dir='ltr' id='par_1_8' title="bbox 0 0 2420 3496">
     <span class='ocr_line' id='line_1_28' title="bbox 0 0 2420 3496; baseline 0 0"><span class='ocrx_word' id='word_1_160' title='bbox 0 0 2420 3496; x_wconf 95' lang='lat' dir='ltr'> </span> 
     </span>
    </p>
   </div>
  </div>
 </body>
</html>
