<?xml version="1.0" encoding="UTF-8"?>
<!DOCTYPE html PUBLIC "-//W3C//DTD XHTML 1.0 Transitional//EN"
    "http://www.w3.org/TR/xhtml1/DTD/xhtml1-transitional.dtd">
<html xmlns="http://www.w3.org/1999/xhtml" xml:lang="en" lang="en">
 <head>
  <title>
</title>
<meta http-equiv="Content-Type" content="text/html;charset=utf-8" />
  <meta name='ocr-system' content='tesseract 3.04.00' />
  <meta name='ocr-capabilities' content='ocr_page ocr_carea ocr_par ocr_line ocrx_word'/>
</head>
<body>
  <div class='ocr_page' id='page_1' title='image "./cihm_04551_0035.png"; bbox 0 0 2396 3416; ppageno 0'>
   <div class='ocr_carea' id='block_1_1' title="bbox 547 421 1595 473">
    <p class='ocr_par' dir='ltr' id='par_1_1' title="bbox 547 421 1595 473">
     <span class='ocr_line' id='line_1_1' title="bbox 547 421 1595 473; baseline -0.002 -6"><span class='ocrx_word' id='word_1_1' title='bbox 547 421 608 469; x_wconf 90' lang='grc'><strong><em>30</em></strong></span> <span class='ocrx_word' id='word_1_2' title='bbox 947 433 1230 468; x_wconf 70' lang='grc' dir='ltr'>οοΝοιιιυΜ</span> <span class='ocrx_word' id='word_1_3' title='bbox 1264 431 1595 473; x_wconf 67' lang='lat' dir='ltr'><strong><em>ounnncnnsn</em></strong></span> 
     </span>
    </p>
   </div>
   <div class='ocr_carea' id='block_1_2' title="bbox 535 534 1995 2807">
    <p class='ocr_par' dir='ltr' id='par_1_2' title="bbox 545 534 1995 1195">
     <span class='ocr_line' id='line_1_2' title="bbox 549 534 1994 601; baseline 0 -14"><span class='ocrx_word' id='word_1_4' title='bbox 549 539 815 587; x_wconf 83' lang='lat' dir='ltr'>Decretum</span> <span class='ocrx_word' id='word_1_5' title='bbox 829 536 1238 601; x_wconf 75' lang='lat' dir='ltr'><strong>promulgationis</strong></span> <span class='ocrx_word' id='word_1_6' title='bbox 1252 536 1454 585; x_wconf 86' lang='lat' dir='ltr'><strong><em>testium</em></strong></span> <span class='ocrx_word' id='word_1_7' title='bbox 1466 534 1807 599; x_wconf 84' lang='lat' dir='ltr'><strong><em>synodalium3</em></strong></span> <span class='ocrx_word' id='word_1_8' title='bbox 1823 543 1994 600; x_wconf 84' lang='lat' dir='ltr'><strong><em>postea</em></strong></span> 
     </span>
     <span class='ocr_line' id='line_1_3' title="bbox 548 619 1995 688; baseline -0.003 -14"><span class='ocrx_word' id='word_1_9' title='bbox 548 642 579 675; x_wconf 89' lang='lat' dir='ltr'><strong><em>a</em></strong></span> <span class='ocrx_word' id='word_1_10' title='bbox 602 624 970 688; x_wconf 86' lang='lat' dir='ltr'><strong><em>pro-secretario</em></strong></span> <span class='ocrx_word' id='word_1_11' title='bbox 993 621 1206 670; x_wconf 88' lang='lat' dir='ltr'><strong><em>Concilii</em></strong></span> <span class='ocrx_word' id='word_1_12' title='bbox 1237 636 1412 669; x_wconf 86' lang='lat' dir='ltr'><strong><em>omnes</em></strong></span> <span class='ocrx_word' id='word_1_13' title='bbox 1434 620 1536 683; x_wconf 89' lang='lat' dir='ltr'><strong><em>qui,</em></strong></span> <span class='ocrx_word' id='word_1_14' title='bbox 1573 619 1634 669; x_wconf 90' lang='lat' dir='ltr'><strong><em>de</em></strong></span> <span class='ocrx_word' id='word_1_15' title='bbox 1662 623 1786 683; x_wconf 89' lang='lat' dir='ltr'><strong><em>jure,</em></strong></span> <span class='ocrx_word' id='word_1_16' title='bbox 1811 627 1902 670; x_wconf 86' lang='lat' dir='ltr'><strong><em>aut</em></strong></span> <span class='ocrx_word' id='word_1_17' title='bbox 1934 621 1995 670; x_wconf 89' lang='lat' dir='ltr'><strong><em>de</em></strong></span> 
     </span>
     <span class='ocr_line' id='line_1_4' title="bbox 548 703 1994 768; baseline -0.003 -10"><span class='ocrx_word' id='word_1_18' title='bbox 548 707 924 764; x_wconf 88' lang='lat' dir='ltr'><strong><em>consuetudine,</em></strong></span> <span class='ocrx_word' id='word_1_19' title='bbox 967 706 1113 768; x_wconf 85' lang='lat' dir='ltr'><strong><em>hujus</em></strong></span> <span class='ocrx_word' id='word_1_20' title='bbox 1169 703 1438 752; x_wconf 84' lang='lat' dir='ltr'><strong><em>Provinciae</em></strong></span> <span class='ocrx_word' id='word_1_21' title='bbox 1505 703 1704 767; x_wconf 86' lang='lat' dir='ltr'><strong><em>Synodo</em></strong></span> <span class='ocrx_word' id='word_1_22' title='bbox 1756 704 1994 753; x_wconf 87' lang='lat' dir='ltr'><strong><em>interesse</em></strong></span> 
     </span>
     <span class='ocr_line' id='line_1_5' title="bbox 548 787 1993 851; baseline -0.003 -9"><span class='ocrx_word' id='word_1_23' title='bbox 548 793 860 847; x_wconf 88' lang='lat' dir='ltr'><strong><em>tenebantur,</em></strong></span> <span class='ocrx_word' id='word_1_24' title='bbox 875 789 1171 838; x_wconf 89' lang='lat' dir='ltr'><strong><em>nominatim</em></strong></span> <span class='ocrx_word' id='word_1_25' title='bbox 1189 787 1349 836; x_wconf 85' lang='lat' dir='ltr'><strong><em>vocati</em></strong></span> <span class='ocrx_word' id='word_1_26' title='bbox 1364 793 1497 843; x_wconf 85' lang='lat' dir='ltr'><strong><em>sunt,</em></strong></span> <span class='ocrx_word' id='word_1_27' title='bbox 1514 788 1600 850; x_wconf 88' lang='lat' dir='ltr'><strong><em>qui</em></strong></span> <span class='ocrx_word' id='word_1_28' title='bbox 1615 787 1993 851; x_wconf 83' lang='lat' dir='ltr'><strong><em>responderunt:</em></strong></span> 
     </span>
     <span class='ocr_line' id='line_1_6' title="bbox 549 872 1992 934; baseline -0.001 -11"><span class='ocrx_word' id='word_1_29' title='bbox 549 876 738 932; x_wconf 81' lang='lat' dir='ltr'><strong><em>Adsum,</em></strong></span> <span class='ocrx_word' id='word_1_30' title='bbox 752 882 802 923; x_wconf 90' lang='lat' dir='ltr'><strong><em>et</em></strong></span> <span class='ocrx_word' id='word_1_31' title='bbox 816 875 1034 922; x_wconf 84' lang='lat' dir='ltr'>instante</span> <span class='ocrx_word' id='word_1_32' title='bbox 1048 872 1224 921; x_wconf 89' lang='lat' dir='ltr'><strong><em>eodem</em></strong></span> <span class='ocrx_word' id='word_1_33' title='bbox 1238 873 1535 927; x_wconf 86' lang='lat' dir='ltr'><strong><em>Promotore,</em></strong></span> <span class='ocrx_word' id='word_1_34' title='bbox 1548 872 1857 934; x_wconf 81' lang='lat' dir='ltr'><strong><em>publicatum</em></strong></span> <span class='ocrx_word' id='word_1_35' title='bbox 1871 872 1965 921; x_wconf 85' lang='lat' dir='ltr'><strong><em>fuit</em></strong></span> <span class='ocrx_word' id='word_1_36' title='bbox 1980 890 1992 921; x_wconf 74' lang='grc' dir='ltr'><strong><em>ε</em></strong></span> 
     </span>
     <span class='ocr_line' id='line_1_7' title="bbox 547 956 1989 1023; baseline -0.002 -13"><span class='ocrx_word' id='word_1_37' title='bbox 547 962 785 1010; x_wconf 83' lang='lat' dir='ltr'><strong><em>Decretum</em></strong></span> <span class='ocrx_word' id='word_1_38' title='bbox 808 959 1147 1023; x_wconf 78' lang='lat' dir='ltr'><strong><em>subscriptionis,</em></strong></span> <span class='ocrx_word' id='word_1_39' title='bbox 1173 963 1223 1005; x_wconf 88' lang='lat' dir='ltr'><strong><em>et</em></strong></span> <span class='ocrx_word' id='word_1_40' title='bbox 1244 956 1440 1006; x_wconf 86' lang='lat' dir='ltr'><strong><em>invitati</em></strong></span> <span class='ocrx_word' id='word_1_41' title='bbox 1463 963 1577 1006; x_wconf 89' lang='lat' dir='ltr'><strong><em>sunt</em></strong></span> <span class='ocrx_word' id='word_1_42' title='bbox 1609 958 1779 1006; x_wconf 89' lang='lat' dir='ltr'><strong><em>Patres</em></strong></span> <span class='ocrx_word' id='word_1_43' title='bbox 1802 958 1989 1021; x_wconf 86' lang='lat' dir='ltr'><strong><em>propria</em></strong></span> 
     </span>
     <span class='ocr_line' id='line_1_8' title="bbox 549 1042 1992 1106; baseline -0.002 -10"><span class='ocrx_word' id='word_1_44' title='bbox 549 1062 703 1096; x_wconf 90' lang='lat' dir='ltr'><strong><em>manu</em></strong></span> <span class='ocrx_word' id='word_1_45' title='bbox 759 1044 1048 1106; x_wconf 79' lang='lat' dir='ltr'><strong><em>subsignare</em></strong></span> <span class='ocrx_word' id='word_1_46' title='bbox 1101 1044 1423 1092; x_wconf 89' lang='lat' dir='ltr'><strong><em>Decretorum</em></strong></span> <span class='ocrx_word' id='word_1_47' title='bbox 1476 1042 1702 1091; x_wconf 85' lang='lat' dir='ltr'><strong><em>codicem</em></strong></span> <span class='ocrx_word' id='word_1_48' title='bbox 1751 1044 1800 1092; x_wconf 91' lang='lat' dir='ltr'><strong><em>in</em></strong></span> <span class='ocrx_word' id='word_1_49' title='bbox 1848 1044 1992 1093; x_wconf 86' lang='lat' dir='ltr'><strong><em>altari</em></strong></span> 
     </span>
     <span class='ocr_line' id='line_1_9' title="bbox 545 1127 1990 1195; baseline -0.002 -15"><span class='ocrx_word' id='word_1_50' title='bbox 545 1132 778 1195; x_wconf 88' lang='lat' dir='ltr'><strong><em>positum,</em></strong></span> <span class='ocrx_word' id='word_1_51' title='bbox 800 1127 927 1190; x_wconf 91' lang='lat' dir='ltr'><strong><em>quod</em></strong></span> <span class='ocrx_word' id='word_1_52' title='bbox 951 1127 1141 1175; x_wconf 85' lang='lat' dir='ltr'><strong><em>facturn</em></strong></span> <span class='ocrx_word' id='word_1_53' title='bbox 1160 1132 1236 1176; x_wconf 91' lang='lat' dir='ltr'><strong><em>est</em></strong></span> <span class='ocrx_word' id='word_1_54' title='bbox 1251 1128 1315 1177; x_wconf 86' lang='lat' dir='ltr'><strong><em>ab</em></strong></span> <span class='ocrx_word' id='word_1_55' title='bbox 1332 1127 1567 1176; x_wconf 89' lang='lat' dir='ltr'><strong><em>omnibus</em></strong></span> <span class='ocrx_word' id='word_1_56' title='bbox 1585 1127 1731 1177; x_wconf 91' lang='lat' dir='ltr'><strong><em>Rmis</em></strong></span> <span class='ocrx_word' id='word_1_57' title='bbox 1748 1128 1990 1178; x_wconf 88' lang='lat' dir='ltr'><strong><em>Patribus.</em></strong></span> 
     </span>
    </p>

    <p class='ocr_par' dir='ltr' id='par_1_3' title="bbox 539 1211 1993 1618">
     <span class='ocr_line' id='line_1_10' title="bbox 610 1211 1991 1274; baseline -0.001 -11"><span class='ocrx_word' id='word_1_58' title='bbox 610 1213 834 1263; x_wconf 86' lang='lat' dir='ltr'><strong><em>Decretis</em></strong></span> <span class='ocrx_word' id='word_1_59' title='bbox 867 1212 938 1260; x_wconf 90' lang='lat' dir='ltr'><strong><em>sic</em></strong></span> <span class='ocrx_word' id='word_1_60' title='bbox 974 1227 1006 1259; x_wconf 88' lang='lat' dir='ltr'><strong><em>a</em></strong></span> <span class='ocrx_word' id='word_1_61' title='bbox 1047 1211 1275 1260; x_wconf 88' lang='lat' dir='ltr'><strong><em>Patribus</em></strong></span> <span class='ocrx_word' id='word_1_62' title='bbox 1313 1212 1634 1274; x_wconf 83' lang='lat' dir='ltr'><strong><em>subsignatis,</em></strong></span> <span class='ocrx_word' id='word_1_63' title='bbox 1670 1212 1829 1262; x_wconf 88' lang='lat' dir='ltr'><strong><em>edicta</em></strong></span> <span class='ocrx_word' id='word_1_64' title='bbox 1863 1220 1991 1271; x_wconf 89' lang='lat' dir='ltr'><strong><em>sunt,</em></strong></span> 
     </span>
     <span class='ocr_line' id='line_1_11' title="bbox 545 1296 1993 1363; baseline -0.001 -16"><span class='ocrx_word' id='word_1_65' title='bbox 545 1305 655 1363; x_wconf 88' lang='lat' dir='ltr'><strong><em>post</em></strong></span> <span class='ocrx_word' id='word_1_66' title='bbox 707 1297 994 1346; x_wconf 84' lang='lat' dir='ltr'><strong><em>instantiam</em></strong></span> <span class='ocrx_word' id='word_1_67' title='bbox 1046 1296 1353 1357; x_wconf 83' lang='lat' dir='ltr'><strong><em>requisitam,</em></strong></span> <span class='ocrx_word' id='word_1_68' title='bbox 1396 1296 1604 1345; x_wconf 87' lang='lat' dir='ltr'><strong><em>Decreta</em></strong></span> <span class='ocrx_word' id='word_1_69' title='bbox 1647 1296 1706 1344; x_wconf 83' lang='lat' dir='ltr'><strong><em>de</em></strong></span> <span class='ocrx_word' id='word_1_70' title='bbox 1747 1296 1993 1346; x_wconf 82' lang='lat' dir='ltr'><strong><em>Indiceionc</em></strong></span> 
     </span>
     <span class='ocr_line' id='line_1_12' title="bbox 539 1379 1992 1449; baseline -0.001 -18"><span class='ocrx_word' id='word_1_71' title='bbox 539 1384 729 1449; x_wconf 80' lang='lat' dir='ltr'><strong><em>proximi</em></strong></span> <span class='ocrx_word' id='word_1_72' title='bbox 754 1382 946 1429; x_wconf 84' lang='lat' dir='ltr'><strong><em>Concilii</em></strong></span> <span class='ocrx_word' id='word_1_73' title='bbox 969 1379 1281 1438; x_wconf 79' lang='lat' dir='ltr'><strong><em>ProvinciaIis,</em></strong></span> <span class='ocrx_word' id='word_1_74' title='bbox 1315 1397 1408 1430; x_wconf 90' lang='lat' dir='ltr'><strong><em>nec</em></strong></span> <span class='ocrx_word' id='word_1_75' title='bbox 1432 1398 1533 1430; x_wconf 90' lang='lat' dir='ltr'><strong><em>non</em></strong></span> <span class='ocrx_word' id='word_1_76' title='bbox 1565 1382 1619 1430; x_wconf 82' lang='lat' dir='ltr'><strong><em>de</em></strong></span> <span class='ocrx_word' id='word_1_77' title='bbox 1647 1381 1750 1446; x_wconf 80' lang='lat' dir='ltr'><strong><em>fine</em></strong></span> <span class='ocrx_word' id='word_1_78' title='bbox 1786 1383 1992 1441; x_wconf 72' lang='lat' dir='ltr'><strong><em>concilii,</em></strong></span> 
     </span>
     <span class='ocr_line' id='line_1_13' title="bbox 543 1468 1990 1534; baseline 0.001 -15"><span class='ocrx_word' id='word_1_79' title='bbox 543 1486 653 1534; x_wconf 81' lang='lat' dir='ltr'><strong><em>quae</em></strong></span> <span class='ocrx_word' id='word_1_80' title='bbox 676 1468 942 1533; x_wconf 87' lang='lat' dir='ltr'><strong><em>approbata</em></strong></span> <span class='ocrx_word' id='word_1_81' title='bbox 965 1473 1083 1516; x_wconf 89' lang='lat' dir='ltr'><strong><em>sunt</em></strong></span> <span class='ocrx_word' id='word_1_82' title='bbox 1104 1484 1239 1516; x_wconf 91' lang='lat' dir='ltr'><strong><em>more</em></strong></span> <span class='ocrx_word' id='word_1_83' title='bbox 1262 1469 1422 1526; x_wconf 85' lang='lat' dir='ltr'><strong><em>solito,</em></strong></span> <span class='ocrx_word' id='word_1_84' title='bbox 1441 1468 1570 1518; x_wconf 89' lang='lat' dir='ltr'><strong><em>sicut</em></strong></span> <span class='ocrx_word' id='word_1_85' title='bbox 1586 1475 1762 1519; x_wconf 88' lang='lat' dir='ltr'><strong><em>caetera</em></strong></span> <span class='ocrx_word' id='word_1_86' title='bbox 1779 1471 1990 1520; x_wconf 86' lang='lat' dir='ltr'><strong><em>Decreta</em></strong></span> 
     </span>
     <span class='ocr_line' id='line_1_14' title="bbox 544 1554 1076 1618; baseline -0.008 -14"><span class='ocrx_word' id='word_1_87' title='bbox 544 1554 765 1618; x_wconf 89' lang='lat' dir='ltr'><strong><em>superius</em></strong></span> <span class='ocrx_word' id='word_1_88' title='bbox 788 1558 1076 1601; x_wconf 86' lang='lat' dir='ltr'><strong><em>memorata.</em></strong></span> 
     </span>
    </p>

    <p class='ocr_par' dir='ltr' id='par_1_4' title="bbox 541 1637 1989 2117">
     <span class='ocr_line' id='line_1_15' title="bbox 605 1637 1986 1695; baseline 0.001 -8"><span class='ocrx_word' id='word_1_89' title='bbox 605 1640 750 1687; x_wconf 89' lang='lat' dir='ltr'><strong><em>Tunc</em></strong></span> <span class='ocrx_word' id='word_1_90' title='bbox 774 1637 949 1685; x_wconf 74' lang='lat' dir='ltr'><strong><em>nimus</em></strong></span> <span class='ocrx_word' id='word_1_91' title='bbox 972 1653 1029 1685; x_wconf 89' lang='lat' dir='ltr'><strong><em>ac</em></strong></span> <span class='ocrx_word' id='word_1_92' title='bbox 1052 1637 1208 1684; x_wconf 89' lang='lat' dir='ltr'><strong><em>Rmus</em></strong></span> <span class='ocrx_word' id='word_1_93' title='bbox 1231 1637 1629 1695; x_wconf 86' lang='lat' dir='ltr'><strong><em>Administrator,</em></strong></span> <span class='ocrx_word' id='word_1_94' title='bbox 1653 1638 1715 1687; x_wconf 85' lang='lat' dir='ltr'><strong><em>de</em></strong></span> <span class='ocrx_word' id='word_1_95' title='bbox 1738 1655 1986 1690; x_wconf 87' lang='lat' dir='ltr'><strong><em>consensu</em></strong></span> 
     </span>
     <span class='ocr_line' id='line_1_16' title="bbox 543 1723 1989 1781; baseline 0.001 -7"><span class='ocrx_word' id='word_1_96' title='bbox 543 1726 752 1775; x_wconf 90' lang='lat' dir='ltr'><strong><em>aliorum</em></strong></span> <span class='ocrx_word' id='word_1_97' title='bbox 773 1724 1008 1771; x_wconf 85' lang='lat' dir='ltr'><strong><em>Rmorum</em></strong></span> <span class='ocrx_word' id='word_1_98' title='bbox 1029 1723 1248 1781; x_wconf 88' lang='lat' dir='ltr'><strong><em>Patrum,</em></strong></span> <span class='ocrx_word' id='word_1_99' title='bbox 1267 1723 1537 1773; x_wconf 85' lang='lat' dir='ltr'><strong><em>declaravit</em></strong></span> <span class='ocrx_word' id='word_1_100' title='bbox 1554 1726 1832 1774; x_wconf 87' lang='lat' dir='ltr'><strong><em>Concilium</em></strong></span> <span class='ocrx_word' id='word_1_101' title='bbox 1849 1727 1989 1775; x_wconf 90' lang='lat' dir='ltr'><strong><em>abso-</em></strong></span> 
     </span>
     <span class='ocr_line' id='line_1_17' title="bbox 542 1808 1988 1873; baseline -0.001 -12"><span class='ocrx_word' id='word_1_102' title='bbox 542 1813 705 1861; x_wconf 91' lang='lat' dir='ltr'><strong><em>lutum</em></strong></span> <span class='ocrx_word' id='word_1_103' title='bbox 742 1826 889 1866; x_wconf 72' lang='lat' dir='ltr'><strong><em>esse,</em></strong></span> <span class='ocrx_word' id='word_1_104' title='bbox 945 1824 1044 1870; x_wconf 92' lang='lat' dir='ltr'><strong><em>quo</em></strong></span> <span class='ocrx_word' id='word_1_105' title='bbox 1087 1808 1233 1866; x_wconf 85' lang='lat' dir='ltr'><strong><em>sacto,</em></strong></span> <span class='ocrx_word' id='word_1_106' title='bbox 1269 1815 1500 1858; x_wconf 89' lang='lat' dir='ltr'><strong><em>cantatus</em></strong></span> <span class='ocrx_word' id='word_1_107' title='bbox 1534 1810 1620 1858; x_wconf 89' lang='lat' dir='ltr'><strong><em>fuit</em></strong></span> <span class='ocrx_word' id='word_1_108' title='bbox 1658 1811 1878 1873; x_wconf 88' lang='lat' dir='ltr'><strong><em>hymnus</em></strong></span> <span class='ocrx_word' id='word_1_109' title='bbox 1923 1811 1988 1860; x_wconf 81' lang='lat' dir='ltr'><strong><em>Te</em></strong></span> 
     </span>
     <span class='ocr_line' id='line_1_18' title="bbox 542 1882 1989 1956; baseline 0.003 -13"><span class='ocrx_word' id='word_1_110' title='bbox 542 1897 703 1952; x_wconf 83' lang='lat' dir='ltr'><strong><em>Deum,</em></strong></span> <span class='ocrx_word' id='word_1_111' title='bbox 727 1911 876 1956; x_wconf 91' lang='lat' dir='ltr'><strong><em>quem</em></strong></span> <span class='ocrx_word' id='word_1_112' title='bbox 898 1900 1081 1943; x_wconf 85' lang='lat' dir='ltr'><strong><em>secutae</em></strong></span> <span class='ocrx_word' id='word_1_113' title='bbox 1106 1900 1218 1942; x_wconf 88' lang='lat' dir='ltr'><strong><em>sunt</em></strong></span> <span class='ocrx_word' id='word_1_114' title='bbox 1239 1882 1623 1945; x_wconf 80' lang='lat' dir='ltr'><strong><em>acclamationes</em></strong></span> <span class='ocrx_word' id='word_1_115' title='bbox 1647 1891 1911 1955; x_wconf 79' lang='lat' dir='ltr'><strong><em>solemnes,</em></strong></span> <span class='ocrx_word' id='word_1_116' title='bbox 1933 1906 1989 1947; x_wconf 93' lang='lat' dir='ltr'><strong><em>ut</em></strong></span> 
     </span>
     <span class='ocr_line' id='line_1_19' title="bbox 542 1979 1984 2044; baseline 0.003 -15"><span class='ocrx_word' id='word_1_117' title='bbox 542 1982 594 2030; x_wconf 93' lang='lat' dir='ltr'><strong><em>in</em></strong></span> <span class='ocrx_word' id='word_1_118' title='bbox 632 1981 823 2029; x_wconf 84' lang='lat' dir='ltr'><strong><em>actibus</em></strong></span> <span class='ocrx_word' id='word_1_119' title='bbox 859 1980 1006 2042; x_wconf 87' lang='lat' dir='ltr'><strong><em>primi</em></strong></span> <span class='ocrx_word' id='word_1_120' title='bbox 1044 1980 1254 2028; x_wconf 88' lang='lat' dir='ltr'><strong><em>Concilii</em></strong></span> <span class='ocrx_word' id='word_1_121' title='bbox 1293 1979 1441 2044; x_wconf 90' lang='lat' dir='ltr'><strong><em>hujus</em></strong></span> <span class='ocrx_word' id='word_1_122' title='bbox 1480 1982 1749 2031; x_wconf 80' lang='lat' dir='ltr'><strong><em>Provincioe</em></strong></span> <span class='ocrx_word' id='word_1_123' title='bbox 1789 1984 1984 2041; x_wconf 83' lang='lat' dir='ltr'><strong><em>Quebe-</em></strong></span> 
     </span>
     <span class='ocr_line' id='line_1_20' title="bbox 541 2064 974 2117; baseline -0.012 0"><span class='ocrx_word' id='word_1_124' title='bbox 541 2068 708 2117; x_wconf 86' lang='lat' dir='ltr'><strong><em>censis</em></strong></span> <span class='ocrx_word' id='word_1_125' title='bbox 730 2064 974 2114; x_wconf 87' lang='lat' dir='ltr'><strong><em>videntur.</em></strong></span> 
     </span>
    </p>

    <p class='ocr_par' dir='ltr' id='par_1_5' title="bbox 535 2148 1985 2807">
     <span class='ocr_line' id='line_1_21' title="bbox 604 2148 1985 2213; baseline 0.004 -15"><span class='ocrx_word' id='word_1_126' title='bbox 604 2150 849 2205; x_wconf 90' lang='lat' dir='ltr'><strong><em>Tandem,</em></strong></span> <span class='ocrx_word' id='word_1_127' title='bbox 888 2155 998 2212; x_wconf 91' lang='lat' dir='ltr'><strong><em>post</em></strong></span> <span class='ocrx_word' id='word_1_128' title='bbox 1039 2148 1264 2198; x_wconf 87' lang='lat' dir='ltr'><strong><em>osculum</em></strong></span> <span class='ocrx_word' id='word_1_129' title='bbox 1307 2151 1441 2213; x_wconf 85' lang='lat' dir='ltr'><strong><em>pacis</em></strong></span> <span class='ocrx_word' id='word_1_130' title='bbox 1497 2158 1673 2201; x_wconf 89' lang='lat' dir='ltr'><strong><em>mutuo</em></strong></span> <span class='ocrx_word' id='word_1_131' title='bbox 1726 2152 1902 2202; x_wconf 90' lang='lat' dir='ltr'><strong><em>datum</em></strong></span> <span class='ocrx_word' id='word_1_132' title='bbox 1954 2171 1985 2203; x_wconf 88' lang='lat' dir='ltr'><strong><em>a</em></strong></span> 
     </span>
     <span class='ocr_line' id='line_1_22' title="bbox 541 2233 1983 2290; baseline 0.003 -7"><span class='ocrx_word' id='word_1_133' title='bbox 541 2235 776 2290; x_wconf 89' lang='lat' dir='ltr'><strong><em>Patribus,</em></strong></span> <span class='ocrx_word' id='word_1_134' title='bbox 800 2233 1039 2281; x_wconf 87' lang='lat' dir='ltr'><strong><em>solemnis</em></strong></span> <span class='ocrx_word' id='word_1_135' title='bbox 1060 2233 1341 2283; x_wconf 89' lang='lat' dir='ltr'><strong><em>benedictio</em></strong></span> <span class='ocrx_word' id='word_1_136' title='bbox 1373 2235 1606 2284; x_wconf 90' lang='lat' dir='ltr'><strong><em>omnibus</em></strong></span> <span class='ocrx_word' id='word_1_137' title='bbox 1647 2236 1712 2285; x_wconf 87' lang='lat' dir='ltr'><strong><em>ab</em></strong></span> <span class='ocrx_word' id='word_1_138' title='bbox 1747 2238 1890 2286; x_wconf 90' lang='lat' dir='ltr'><strong><em>Illmo</em></strong></span> <span class='ocrx_word' id='word_1_139' title='bbox 1924 2255 1983 2288; x_wconf 87' lang='lat' dir='ltr'><strong><em>ac</em></strong></span> 
     </span>
     <span class='ocr_line' id='line_1_23' title="bbox 538 2316 1983 2384; baseline 0.003 -17"><span class='ocrx_word' id='word_1_140' title='bbox 538 2320 657 2367; x_wconf 89' lang='lat' dir='ltr'><strong><em>Rmo</em></strong></span> <span class='ocrx_word' id='word_1_141' title='bbox 702 2316 1112 2365; x_wconf 85' lang='lat' dir='ltr'><strong><em>Administratore</em></strong></span> <span class='ocrx_word' id='word_1_142' title='bbox 1149 2316 1393 2380; x_wconf 90' lang='lat' dir='ltr'><strong><em>impertita</em></strong></span> <span class='ocrx_word' id='word_1_143' title='bbox 1437 2325 1526 2376; x_wconf 89' lang='lat' dir='ltr'><strong><em>est,</em></strong></span> <span class='ocrx_word' id='word_1_144' title='bbox 1569 2325 1620 2367; x_wconf 89' lang='lat' dir='ltr'><strong><em>et</em></strong></span> <span class='ocrx_word' id='word_1_145' title='bbox 1659 2320 1983 2384; x_wconf 86' lang='lat' dir='ltr'><strong><em>quadraginta</em></strong></span> 
     </span>
     <span class='ocr_line' id='line_1_24' title="bbox 539 2403 1982 2466; baseline 0.003 -12"><span class='ocrx_word' id='word_1_146' title='bbox 539 2407 728 2455; x_wconf 88' lang='lat' dir='ltr'><strong><em>dierum</em></strong></span> <span class='ocrx_word' id='word_1_147' title='bbox 782 2403 1091 2465; x_wconf 82' lang='lat' dir='ltr'><strong><em>indulgentia</em></strong></span> <span class='ocrx_word' id='word_1_148' title='bbox 1145 2405 1448 2466; x_wconf 87' lang='lat' dir='ltr'><strong><em>proclamata</em></strong></span> <span class='ocrx_word' id='word_1_149' title='bbox 1503 2406 1633 2464; x_wconf 85' lang='lat' dir='ltr'><strong><em>fuit3</em></strong></span> <span class='ocrx_word' id='word_1_150' title='bbox 1699 2415 1898 2457; x_wconf 90' lang='lat' dir='ltr'><strong><em>cantato</em></strong></span> <span class='ocrx_word' id='word_1_151' title='bbox 1951 2426 1982 2459; x_wconf 86' lang='lat' dir='ltr'><strong><em>a</em></strong></span> 
     </span>
     <span class='ocr_line' id='line_1_25' title="bbox 538 2488 1981 2556; baseline 0.003 -17"><span class='ocrx_word' id='word_1_152' title='bbox 538 2491 759 2540; x_wconf 90' lang='lat' dir='ltr'><strong><em>Diacono</em></strong></span> <span class='ocrx_word' id='word_1_153' title='bbox 780 2489 1056 2537; x_wconf 85' lang='lat' dir='ltr'><strong><em>versiculo:</em></strong></span> <span class='ocrx_word' id='word_1_154' title='bbox 1091 2488 1370 2538; x_wconf 83' lang='lat' dir='ltr'><strong><em>Recedamus</em></strong></span> <span class='ocrx_word' id='word_1_155' title='bbox 1399 2508 1498 2539; x_wconf 85' lang='lat' dir='ltr'><strong><em>cum</em></strong></span> <span class='ocrx_word' id='word_1_156' title='bbox 1515 2509 1644 2556; x_wconf 84' lang='lat' dir='ltr'><strong><em>pace,</em></strong></span> <span class='ocrx_word' id='word_1_157' title='bbox 1682 2509 1850 2543; x_wconf 86' lang='lat' dir='ltr'><strong><em>omnes</em></strong></span> <span class='ocrx_word' id='word_1_158' title='bbox 1884 2511 1981 2544; x_wconf 91' lang='lat' dir='ltr'><strong><em>res-</em></strong></span> 
     </span>
     <span class='ocr_line' id='line_1_26' title="bbox 536 2573 1980 2640; baseline 0.005 -17"><span class='ocrx_word' id='word_1_159' title='bbox 536 2575 841 2640; x_wconf 89' lang='lat' dir='ltr'><strong><em>ponderunt:</em></strong></span> <span class='ocrx_word' id='word_1_160' title='bbox 875 2573 934 2621; x_wconf 83' lang='lat' dir='ltr'><strong><em>In</em></strong></span> <span class='ocrx_word' id='word_1_161' title='bbox 956 2574 1127 2621; x_wconf 79' lang='lat' dir='ltr'><strong><em>nominc</em></strong></span> <span class='ocrx_word' id='word_1_162' title='bbox 1157 2573 1325 2622; x_wconf 78' lang='lat' dir='ltr'><strong><em>Christi</em></strong></span> <span class='ocrx_word' id='word_1_163' title='bbox 1344 2594 1365 2631; x_wconf 89' lang='lat'><strong><em>,·</em></strong></span> <span class='ocrx_word' id='word_1_164' title='bbox 1398 2581 1449 2624; x_wconf 91' lang='lat' dir='ltr'><strong><em>et</em></strong></span> <span class='ocrx_word' id='word_1_165' title='bbox 1487 2576 1547 2625; x_wconf 92' lang='lat' dir='ltr'><strong><em>ad</em></strong></span> <span class='ocrx_word' id='word_1_166' title='bbox 1587 2578 1757 2628; x_wconf 88' lang='lat' dir='ltr'><strong><em>aulam</em></strong></span> <span class='ocrx_word' id='word_1_167' title='bbox 1795 2580 1980 2629; x_wconf 89' lang='lat' dir='ltr'><strong><em>archie-</em></strong></span> 
     </span>
     <span class='ocr_line' id='line_1_27' title="bbox 535 2657 1978 2725; baseline 0.005 -18"><span class='ocrx_word' id='word_1_168' title='bbox 535 2660 828 2723; x_wconf 85' lang='lat' dir='ltr'><strong><em>piscopalem</em></strong></span> <span class='ocrx_word' id='word_1_169' title='bbox 849 2657 1056 2720; x_wconf 86' lang='lat' dir='ltr'><strong><em>regressi</em></strong></span> <span class='ocrx_word' id='word_1_170' title='bbox 1074 2664 1186 2705; x_wconf 87' lang='lat' dir='ltr'><strong><em>sunt</em></strong></span> <span class='ocrx_word' id='word_1_171' title='bbox 1208 2658 1262 2706; x_wconf 89' lang='lat' dir='ltr'><strong><em>in</em></strong></span> <span class='ocrx_word' id='word_1_172' title='bbox 1283 2675 1420 2721; x_wconf 88' lang='lat' dir='ltr'><strong><em>pace,</em></strong></span> <span class='ocrx_word' id='word_1_173' title='bbox 1443 2660 1596 2709; x_wconf 88' lang='lat' dir='ltr'><strong><em>tribus</em></strong></span> <span class='ocrx_word' id='word_1_174' title='bbox 1619 2661 1978 2725; x_wconf 89' lang='lat' dir='ltr'><strong><em>quadrantibus</em></strong></span> 
     </span>
     <span class='ocr_line' id='line_1_28' title="bbox 538 2742 936 2807; baseline -0.008 -15"><span class='ocrx_word' id='word_1_175' title='bbox 538 2750 646 2807; x_wconf 90' lang='lat' dir='ltr'><strong><em>post</em></strong></span> <span class='ocrx_word' id='word_1_176' title='bbox 671 2742 936 2792; x_wconf 85' lang='lat' dir='ltr'><strong><em>meridiem.</em></strong></span> 
     </span>
    </p>
   </div>
   <div class='ocr_carea' id='block_1_3' title="bbox 0 0 2396 3416">
    <p class='ocr_par' dir='ltr' id='par_1_6' title="bbox 0 0 2396 3416">
     <span class='ocr_line' id='line_1_29' title="bbox 0 0 2396 3416; baseline 0 3"><span class='ocrx_word' id='word_1_177' title='bbox 0 0 2396 3416; x_wconf 95' lang='lat' dir='ltr'><strong><em> </em></strong></span> 
     </span>
    </p>
   </div>
  </div>
 </body>
</html>
