2396 3416
22 492 26 514 ι
60 502 63 506 -
120 488 179 519 ac

20 554 180 603 niam

20 655 77 696 a,
119 655 178 687 ac

25 723 180 780 iones,

28 822 179 868 osque

18 898 181 948 antur,

19 994 59 1032 S,
98 994 181 1039 pro

55 1063 181 1110 nihil

22 1164 181 1197 versa-

39 1241 182 1295 petus
220 1236 223 1240 ’

7 1334 85 1365 os·
119 1319 183 1367 ab

5 1402 182 1459 essere,

13 1491 64 1533 et
101 1501 185 1548 per

33 1570 184 1619 iseros

22 1670 102 1701 are
135 1661 185 1703 et

0 1755 44 1786 ia
67 1755 184 1787 cum

0 1838 39 1869 ns
82 1823 186 1871 Deo

1 1925 186 1971 preces,-

0 1994 187 2054 potenti

0 2095 185 2141 empes-

0 2205 2 2211 .
43 2181 187 2214 suam

0 2251 71 2307 iae,
138 2260 190 2301 et

0 2338 189 2399 perdat,

0 2422 190 2480 aritatis,

20 2513 189 2557 autem

19 2595 192 2642 omnia

0 2682 192 2727 *trarum

0 2762 187 2812 erimus.

1016 381 1350 415 rnovnwuur.
1373 383 1447 416 m.

511 482 718 531 Interim
743 497 851 530 vero
873 482 1078 532 divitem
1101 484 1154 533 in
1188 484 1521 534 misericordia
1555 486 1718 534 Deum
1746 502 1879 536 orare
1902 493 1953 537 et

510 568 765 616 obsecrare
819 584 920 616 non
976 568 1276 627 desistimus,
1341 577 1396 619 ut
1448 571 1694 620 uberrima
1746 587 1954 635 quaeque

510 652 695 701 dlvinae
718 668 818 701 suae
839 655 1007 716 gratiae
1046 654 1175 703 dona
1206 670 1344 718 super
1366 656 1466 703 Vos
1499 656 1735 718 propitius
1759 660 1955 720 semper

511 737 609 786 effu
619 737 751 792 ndat,
784 745 891 799 quae
913 739 965 786 in
988 738 1195 787 dilectas
1217 755 1409 802 quoque
1433 755 1549 788 oves
1572 741 1725 788 Vobis
1747 740 1953 790 traditas

511 824 709 887 copiose
764 823 1082 873 descendant.
1149 828 1309 887 Atque
1345 818 1530 873 'horum
1574 826 1846 888 auspicem,
1904 817 1957 875 et

514 906 770 970 praecipuae
827 908 1012 955 Nostrae
1076 908 1130 956 in
1193 908 1294 957 Vos
1358 908 1716 956 benevolentiae
1776 909 1960 971 pignus

515 992 855 1054 Apostolicam
907 991 1312 1041 Benedictionem
1355 993 1511 1041 effuso
1564 992 1725 1041 cordis
1779 994 1963 1044 affectu
2017 1025 2021 1030 -

515 1068 670 1124 Vobis
693 1065 830 1139 ipsis,
870 1077 1188 1125 Venerabile-s
1211 1078 1413 1134 Fratres,
1437 1078 1729 1140 cunctisque
1754 1080 1959 1128 Clericis'

516 1162 782 1224 Laicisque
836 1161 1063 1210 fidelibus
1101 1161 1342 1225 cujusque
1394 1163 1627 1212 Vestrum
1674 1163 1957 1225 «vigilantiae

517 1245 813 1295 concreditis
835 1252 1144 1310 peramanter
1165 1247 1488 1309 impertimus.

580 1332 770 1379 Datum
792 1331 974 1387 Romae,
997 1331 1126 1393 apud
1151 1331 1198 1378 S.
1223 1332 1437 1388 Petrum,
1461 1331 1539 1379 die
1582 1335 1639 1379 16
1663 1333 1959 1382 Novembris

516 1431 650 1464 anno
676 1418 812 1472 1863,
845 1416 1167 1464 Pontificatus
1190 1416 1353 1464 Nostri
1376 1432 1507 1464 anno
1540 1416 1894 1466 decimoctavo.

1461 1535 1606 1583 PIUS
1631 1535 1724 1581 ΡΡ.
1748 1535 1832 1582 IX.

1033 1712 1035 1714 ·
1086 1749 1395 1797 LITTERAE

518 1879 553 1908 Β.
584 1879 762 1909 coNGms
788 1880 842 1908 DE
869 1879 1153 1910 PROPAGANDA
1170 1881 1265 1909 mma:
1284 1879 1342 1908 AD
1359 1881 1398 1908 R.
1419 1880 1457 1907 P.
1478 1879 1518 1907 D.
1539 1880 1573 1908 C.
1594 1879 1631 1907 1¹¹.
1652 1878 1959 1919 BAILLARGEON,

601 1944 717 1973 EPUH
743 1946 954 1985 TLOANUM,
982 1944 1161 1974 ADMREM
1180 1945 1246 1973 ΑΡ.
1267 1943 1585 1973 ARcmmOEoEsts
1605 1943 1878 1977 QUEBEOENSIS

519 2040 668 2103 Super
709 2042 1015 2106 approbatione
1054 2041 1340 2089 Decrccorum
1378 2041 1491 2087 tertii
1531 2039 1726 2086 Concilii
1766 2038 1955 2087 Provin-

1020 2105 1145 2152 cialis
1174 2103 1470 2159 Quebecensis.

706 2222 837 2270 Illme
860 2231 900 2271 et
924 2222 1037 2270 Rme
1059 2222 1178 2279 Dne,

582 2320 782 2368 Novum
818 2322 867 2369 S.
890 2321 997 2369 haec
1031 2320 1356 2383 Congregatio
1395 2325 1740 2381 argumentum
1779 2318 1954 2368 habuit

519 2404 786 2464 singularis
808 2404 1157 2453 sollicitudinis
1181 2420 1277 2466 qua
1295 2404 1353 2451 A.
1373 2404 1482 2451 Tua
1505 2402 1688 2463 aliique
1722 2402 1955 2465 Episcopi

519 2489 840 2538 Canadenses
869 2490 1140 2553 Religionis
1178 2491 1553 2545 incrementum,
1594 2495 1643 2537 et
1680 2489 1955 2537 Ecclesias-

516 2573 629 2622 ticae
654 2572 930 2637 disciplinae
951 2576 1463 2638 vigorempromovere
1487 2572 1703 2630 student,
1725 2574 1778 2621 in
1811 2573 1954 2622 Actis

517 2665 568 2710 et
588 2660 809 2708 Decretis
847 2659 1031 2723 Synodi
1055 2661 1233 2708 Tertiae
1271 2660 1406 2707 Prov.
1441 2658 1780 2716 Quebecensis
1815 2673 1951 2725 anno

524 2747 644 2792 1863
668 2744 936 2792 celebratae.
1002 2745 1336 2801 Quamobrem
1365 2742 1539 2791 eadem
1573 2743 1619 2790 S.
1656 2743 1710 2789 C.
1745 2742 1961 2804 singulis

523 2835 754 2878 accurate
781 2829 1059 2893 perpensis,
1087 2835 1424 2878 ,memoratam
1463 2826 1716 2890 Synodtim
1753 2826 1960 2890 dignam
