2312 3352
582 0 2312 65 ffi———q

2304 65 2312 251 ,f

1082 357 1353 393 Arrnnmx.
1848 347 1939 393 105

502 453 575 509 qui
612 453 857 497 deteriorem
889 456 1042 500 factam
1079 473 1166 503 esse
1200 461 1440 504 inficiantur
1478 475 1529 504 ex
1565 462 1781 518 primaeva
1816 462 1943 518 culpa
2302 510 2303 513 Ἴ

499 517 717 562 hominum
736 526 944 576 naturam,
964 523 1154 580 viresque
1173 527 1432 583 amplificant
1450 527 1623 570 rationis
1635 528 1688 569 ad
1699 528 1941 582 negandum
2300 528 2308 569 l

498 584 568 626 vel
589 586 861 629 minuendum
878 589 1085 632 revelatae
1100 591 1313 648 religionis
1340 591 1600 635 beneficium.
1630 591 1757 634 Faxit
1769 592 1939 635 tandem

500 646 636 704 Virgo
683 649 943 705 Beatissima,
991 667 1098 709 quae
1143 656 1354 698 interemit
1398 671 1446 700 ac
1492 657 1678 713 perdidit
1726 657 1941 698 universas

498 711 699 767 haereses,
729 720 776 756 ut
794 714 863 758 hic
882 717 1010 759 etiam
1029 718 1235 761 evellatur
1254 721 1455 777 stirpitus,
1487 736 1536 763 ac
1555 721 1745 763 deleatur
1762 721 1940 762 rationa-

498 777 610 819 lismi
647 793 760 821 error
792 780 1170 838 perniciosissimus,
1208 786 1282 841 qui
1311 786 1389 828 hac
1420 787 1652 828 miserrima
1683 782 1826 827 aetate
1855 799 1940 826 non

499 843 668 886 civilem
687 846 812 888 modo
831 847 1082 903 societatem,
1118 851 1189 892 sed
1209 865 1308 894 vero
1330 852 1456 894 etiam
1475 857 1694 907 tantopere
1723 850 1874 906 affligit
1901 855 1942 891 et

502 914 625 950 vexat
643 908 885 953 Ecclesiam.

552 972 781 1029 Reliquum
800 989 911 1018 nunc
931 981 1004 1029 est,
1038 977 1311 1022 Venerabiles
1330 980 1511 1033 Fratres,
1541 986 1589 1022 ut
1618 983 1776 1035 quanto
1811 978 1940 1020 animi

497 1037 645 1080 Nostri
678 1040 824 1082 solatio
856 1055 1018 1084 summa
1035 1043 1126 1085 Vos
1156 1045 1371 1087 alacritate
1398 1060 1449 1088 ex
1479 1045 1631 1088 dissitis
1664 1045 1793 1086 etiam
1822 1043 1941 1085 terris

497 1113 738 1160 properasse
775 1108 1063 1162 conspeximus
1101 1109 1157 1151 ad
1192 1109 1481 1165 Apostolicam
1518 1109 1626 1153 hanc
1664 1108 1816 1152 sedem
1849 1122 1939 1163 pro-

496 1170 786 1226 pugnaculum
821 1171 934 1226 fidei,
981 1174 1223 1229 magistram
1261 1176 1459 1229 veritatis,
1498 1175 1729 1218 catholicae
1766 1173 1939 1217 unitatis

496 1233 821 1291 firmamentum,
851 1242 969 1281 tanto
1000 1239 1173 1295 perinde
1205 1242 1355 1283 amoris
1383 1241 1521 1284 studio
1558 1243 1785 1296 antequam
1823 1239 1938 1280 sedes

497 1302 693 1356 repetatis
728 1309 885 1345 vestras
921 1306 1061 1347 omnia
1098 1305 1234 1348 Vobis
1269 1321 1486 1362 precemur
1531 1306 1669 1348 fausta
1714 1303 1853 1346 felicia
1891 1316 1937 1345 ac

497 1367 710 1410 salutaria.
767 1362 942 1412 Arbiter
977 1371 1048 1414 ille
1076 1373 1262 1414 omnium
1300 1387 1435 1415 rerum
1473 1377 1515 1415 et
1550 1373 1754 1414 bonorum
1793 1374 1937 1412 auctor

496 1432 614 1476 Deus
641 1434 712 1476 det
730 1433 867 1478 Vobis
896 1436 1086 1492 spiritum
1119 1439 1346 1494 sapientiae
1372 1444 1413 1480 et
1442 1437 1692 1489 intellectus,
1726 1441 1773 1478 ut
1800 1433 1937 1491 prohi-

495 1494 630 1541 beatis
648 1500 702 1543 ab
723 1501 865 1543 ovium
885 1502 1066 1557 pernicie
1085 1502 1241 1559 ubique
1259 1503 1437 1545 latentes
1454 1502 1638 1555 insidiae,
1660 1515 1709 1543 ac
1728 1498 1936 1556 quidquid

496 1563 549 1605 ad
569 1565 909 1608 commoditatem
929 1573 1160 1610 vestrarum
1190 1567 1473 1610 Ecclesiarum
1492 1567 1560 1609 vel
1579 1565 1814 1622 suscepistis
1829 1564 1934 1620 jam,

494 1628 564 1671 vel
614 1630 729 1672 eritis
774 1632 1016 1687 suscepturi,
1061 1633 1108 1675 id
1153 1633 1411 1689 praepotenti
1455 1632 1628 1674 numine
1674 1644 1749 1673 suo
1794 1630 1930 1671 bonus

493 1694 784 1751 propitiusque
842 1694 1090 1750 confirmet3
1154 1697 1364 1754 permissis
1408 1700 1550 1739 autem
1595 1702 1756 1738 vestrae
1808 1706 1935 1736 curae

493 1756 690 1802 fidelibus
709 1761 779 1802 det
796 1760 914 1803 illam
932 1768 1126 1816 mentem,
1159 1768 1206 1805 ut
1224 1760 1465 1805 abstrahere
1497 1775 1540 1803 se
1566 1772 1783 1816 nunquam
1802 1757 1935 1800 velint

0 1842 176 1888 krabflffl¹
332 1817 334 1820 ¹
495 1838 520 1867 a
537 1826 714 1880 pastoris
732 1827 877 1880 latere,
905 1828 975 1870 sed
997 1843 1141 1871 vocem
1159 1828 1288 1885 ipsius
1307 1828 1494 1881 audiant,
1524 1840 1692 1883 quoque
1710 1826 1799 1881 ipse
1817 1822 1933 1876 velit,

0 1907 159 1953 fistorio
495 1897 726 1935 accurrant.
787 1892 910 1935 Adsit
927 1893 1061 1937 Vobis
1079 1893 1213 1951 Virgo
1243 1894 1511 1937 sanctissima
1532 1893 1584 1936 ab
1605 1892 1765 1948 origine
1783 1890 1934 1967 Imma-

0 1985 54 2014 1m
91 1981 154 2018 est
493 1954 668 2011 culata3
716 1959 770 2001 sit
797 1959 888 2015 ipsa
910 1958 1041 2003 Vobis
1070 1959 1114 2003 in
1145 1960 1283 2004 dubiis
1314 1961 1437 2003 rebus
1466 1958 1591 2001 fidele
1624 1957 1858 2010 consilium,
1891 1969 1935 1997 ιιι

0 2051 43 2078 m·
77 2052 156 2095 spe,
493 2022 699 2077 angustiis
744 2023 947 2078 levamen,
1003 2025 1046 2067 iu
1092 2025 1275 2068 adversis
1321 2025 1535 2067 auxilium.
1592 2023 1665 2065 Ad
1703 2027 1934 2064 extremum
2298 2076 2301 2091 V

1 2104 66 2145 nis
101 2120 154 2150 ω
491 2087 678 2131 levantes
696 2103 844 2132 manus
874 2087 1049 2133 Nostras
1072 2090 1117 2133 in
1148 2090 1311 2134 caelum
1332 2088 1468 2133 Vobis
1498 2089 1699 2145 gregique
1717 2092 1856 2130 vestro
1883 2100 1934 2129 ex

8 2183 146 2215 rerum
492 2154 642 2197 intimo
688 2155 824 2198 cordis
861 2155 1015 2199 affectu
1050 2154 1347 2200 benedicimus.
1404 2156 1469 2199 Sit
1505 2169 1629 2211 porro
1667 2151 1935 2209 Apostolicae
2297 2155 2299 2179 4

12 2237 146 2282 aderit
491 2219 619 2276 hujus
665 2220 965 2264 benedictionis
1010 2237 1161 2265 munus
1207 2228 1423 2279 tamquam
1469 2221 1623 2278 pignus
1663 2218 1932 2263 certissimum

0 2300 37 2343 [x
66 2316 147 2358 Pro
491 2284 706 2328 charitatis
733 2299 831 2342 erga
862 2285 949 2329 Vos
977 2286 1169 2340 Nostrae,
1207 2287 1261 2329 sit
1297 2286 1674 2343 exploratissimum
1715 2289 1933 2360 tamqpam

22 2368 145 2423 eujus,
491 2366 614 2395 omen
634 2353 896 2397 beatissimae
916 2354 1026 2397 vitae
1046 2369 1095 2397 ac
1114 2354 1397 2411 sempiternae,
1419 2367 1548 2410 quam
1568 2349 1704 2394 Vobis
1731 2364 1931 2407 gregique

0 2447 13 2474 J
41 2448 138 2479 oum
491 2423 629 2460 vestro
648 2423 691 2460 et
710 2423 903 2475 optamus
941 2424 981 2462 et
1008 2419 1217 2475 poscimus
1237 2432 1261 2462 a
1283 2419 1485 2474 Supremo
1505 2418 1737 2460 animarum
1769 2419 1932 2471 pastore

0 2506 143 2545 [vante
492 2482 659 2526 Ohristo
679 2483 710 2527 J
711 2498 795 2538 esu,
829 2485 896 2528 cui
915 2499 1011 2528 cum
1031 2485 1158 2528 Patre
1176 2491 1217 2528 et
1237 2486 1390 2528 Sancto
1409 2481 1569 2541 Spiritu
1588 2483 1642 2525 sit
1672 2487 1713 2525 et
1731 2480 1864 2523 honor
1891 2484 1931 2523 et

23 2568 136 2620 quod
491 2548 582 2591 laus
601 2554 642 2592 et
659 2550 1016 2606 gratiarumactio
1036 2566 1111 2608 per
1128 2566 1295 2595 omnem
1314 2550 1612 2594 aeternitatem.

7 2631 139 2675 exitio

0 2697 135 2754 rilegii
