<?xml version="1.0" encoding="UTF-8"?>
<!DOCTYPE html PUBLIC "-//W3C//DTD XHTML 1.0 Transitional//EN"
    "http://www.w3.org/TR/xhtml1/DTD/xhtml1-transitional.dtd">
<html xmlns="http://www.w3.org/1999/xhtml" xml:lang="en" lang="en">
 <head>
  <title>
</title>
<meta http-equiv="Content-Type" content="text/html;charset=utf-8" />
  <meta name='ocr-system' content='tesseract 3.04.00' />
  <meta name='ocr-capabilities' content='ocr_page ocr_carea ocr_par ocr_line ocrx_word'/>
</head>
<body>
  <div class='ocr_page' id='page_1' title='image "./cihm_04551_0081.png"; bbox 0 0 2404 3432; ppageno 0'>
   <div class='ocr_carea' id='block_1_1' title="bbox 630 421 1657 474">
    <p class='ocr_par' dir='ltr' id='par_1_1' title="bbox 630 421 1657 474">
     <span class='ocr_line' id='line_1_1' title="bbox 630 421 1657 474; baseline -0.002 -7"><span class='ocrx_word' id='word_1_1' title='bbox 630 421 690 469; x_wconf 83' lang='grc'>76</span> <span class='ocrx_word' id='word_1_2' title='bbox 1022 435 1300 468; x_wconf 68' lang='lat' dir='ltr'>cononum</span> <span class='ocrx_word' id='word_1_3' title='bbox 1324 432 1657 474; x_wconf 61' lang='lat' dir='ltr'>Qunnnomesn</span> 
     </span>
    </p>
   </div>
   <div class='ocr_carea' id='block_1_2' title="bbox 692 532 2070 586">
    <p class='ocr_par' dir='ltr' id='par_1_2' title="bbox 692 532 2070 586">
     <span class='ocr_line' id='line_1_2' title="bbox 692 532 2070 586; baseline -0.004 -1"><span class='ocrx_word' id='word_1_4' title='bbox 692 537 804 586; x_wconf 78' lang='lat' dir='ltr'><strong>Dat.</strong></span> <span class='ocrx_word' id='word_1_5' title='bbox 838 538 1008 586; x_wconf 87' lang='lat' dir='ltr'>Romae</span> <span class='ocrx_word' id='word_1_6' title='bbox 1047 553 1108 586; x_wconf 90' lang='lat' dir='ltr'>ex</span> <span class='ocrx_word' id='word_1_7' title='bbox 1142 537 1250 586; x_wconf 85' lang='lat' dir='ltr'><strong>AEd.</strong></span> <span class='ocrx_word' id='word_1_8' title='bbox 1286 537 1336 586; x_wconf 87' lang='lat' dir='ltr'>S.</span> <span class='ocrx_word' id='word_1_9' title='bbox 1373 537 1429 585; x_wconf 90' lang='lat' dir='ltr'>C.</span> <span class='ocrx_word' id='word_1_10' title='bbox 1468 536 1528 584; x_wconf 87' lang='lat' dir='ltr'>de</span> <span class='ocrx_word' id='word_1_11' title='bbox 1563 533 1704 583; x_wconf 84' lang='lat' dir='ltr'>Pnda</span> <span class='ocrx_word' id='word_1_12' title='bbox 1737 532 1857 582; x_wconf 86' lang='lat' dir='ltr'><strong>Fide</strong></span> <span class='ocrx_word' id='word_1_13' title='bbox 1896 533 1976 582; x_wconf 89' lang='lat' dir='ltr'>die</span> <span class='ocrx_word' id='word_1_14' title='bbox 2014 536 2070 581; x_wconf 87' lang='lat'>19</span> 
     </span>
    </p>
   </div>
   <div class='ocr_carea' id='block_1_3' title="bbox 630 622 1945 738">
    <p class='ocr_par' dir='ltr' id='par_1_3' title="bbox 630 622 1945 738">
     <span class='ocr_line' id='line_1_3' title="bbox 630 622 1011 683; baseline -0.003 -14"><span class='ocrx_word' id='word_1_15' title='bbox 630 622 846 683; x_wconf 82' lang='lat' dir='ltr'><strong>Augusti</strong></span> <span class='ocrx_word' id='word_1_16' title='bbox 878 624 1011 670; x_wconf 84' lang='lat'><strong>1865.</strong></span> 
     </span>
     <span class='ocr_line' id='line_1_4' title="bbox 1321 680 1945 738; baseline -0.006 -7"><span class='ocrx_word' id='word_1_17' title='bbox 1321 683 1400 732; x_wconf 84' lang='lat' dir='ltr'><strong>Al.</strong></span> <span class='ocrx_word' id='word_1_18' title='bbox 1435 683 1488 730; x_wconf 88' lang='lat' dir='ltr'><strong>C.</strong></span> <span class='ocrx_word' id='word_1_19' title='bbox 1521 681 1775 738; x_wconf 74' lang='lat' dir='ltr'>BARNAno,</span> <span class='ocrx_word' id='word_1_20' title='bbox 1810 680 1945 728; x_wconf 80' lang='lat' dir='ltr'><strong>Praes.</strong></span> 
     </span>
    </p>
   </div>
   <div class='ocr_carea' id='block_1_4' title="bbox 695 765 2010 823">
    <p class='ocr_par' dir='ltr' id='par_1_4' title="bbox 695 765 2010 823">
     <span class='ocr_line' id='line_1_5' title="bbox 695 765 2010 823; baseline -0.004 -6"><span class='ocrx_word' id='word_1_21' title='bbox 695 769 752 817; x_wconf 90' lang='lat' dir='ltr'>L.</span> <span class='ocrx_word' id='word_1_22' title='bbox 786 770 831 817; x_wconf 91' lang='lat' dir='ltr'>S.</span> <span class='ocrx_word' id='word_1_23' title='bbox 1429 767 1490 814; x_wconf 93' lang='lat' dir='ltr'>H.</span> <span class='ocrx_word' id='word_1_24' title='bbox 1525 767 1762 823; x_wconf 72' lang='lat' dir='ltr'>CAPAL&#39;rr,</span> <span class='ocrx_word' id='word_1_25' title='bbox 1802 765 2010 814; x_wconf 83' lang='lat' dir='ltr'>Secrius.</span> 
     </span>
    </p>
   </div>
   <div class='ocr_carea' id='block_1_5' title="bbox 1170 949 1537 998">
    <p class='ocr_par' dir='ltr' id='par_1_5' title="bbox 1170 949 1537 998">
     <span class='ocr_line' id='line_1_6' title="bbox 1170 949 1537 998; baseline -0.003 0"><span class='ocrx_word' id='word_1_26' title='bbox 1170 949 1537 998; x_wconf 85' lang='lat' dir='ltr'><strong>DECRETUM</strong></span> 
     </span>
    </p>
   </div>
   <div class='ocr_carea' id='block_1_6' title="bbox 974 1089 1725 1120">
    <p class='ocr_par' dir='ltr' id='par_1_6' title="bbox 974 1089 1725 1120">
     <span class='ocr_line' id='line_1_7' title="bbox 974 1089 1725 1120; baseline -0.003 -1"><span class='ocrx_word' id='word_1_27' title='bbox 974 1091 1005 1119; x_wconf 82' lang='grc' dir='ltr'>Β.</span> <span class='ocrx_word' id='word_1_28' title='bbox 1035 1091 1208 1120; x_wconf 84' lang='lat' dir='ltr'><strong>CONGNIS</strong></span> <span class='ocrx_word' id='word_1_29' title='bbox 1237 1091 1291 1119; x_wconf 73' lang='lat' dir='ltr'>DE</span> <span class='ocrx_word' id='word_1_30' title='bbox 1319 1089 1600 1119; x_wconf 74' lang='lat' dir='ltr'>PROPAGANDA</span> <span class='ocrx_word' id='word_1_31' title='bbox 1628 1089 1725 1117; x_wconf 74' lang='lat' dir='ltr'><strong>FIDE</strong></span> 
     </span>
    </p>
   </div>
   <div class='ocr_carea' id='block_1_7' title="bbox 820 1183 1943 1251">
    <p class='ocr_par' dir='ltr' id='par_1_7' title="bbox 820 1183 1943 1251">
     <span class='ocr_line' id='line_1_8' title="bbox 820 1183 1943 1251; baseline -0.003 -17"><span class='ocrx_word' id='word_1_32' title='bbox 820 1186 916 1234; x_wconf 85' lang='lat' dir='ltr'>Pro</span> <span class='ocrx_word' id='word_1_33' title='bbox 939 1189 1206 1235; x_wconf 77' lang='lat' dir='ltr'><em>concessione</em></span> <span class='ocrx_word' id='word_1_34' title='bbox 1227 1184 1516 1251; x_wconf 82' lang='lat' dir='ltr'>quarumdam</span> <span class='ocrx_word' id='word_1_35' title='bbox 1537 1183 1943 1248; x_wconf 76' lang='lat' dir='ltr'>Indulgentiarum.</span> 
     </span>
    </p>
   </div>
   <div class='ocr_carea' id='block_1_8' title="bbox 633 1287 2076 2882">
    <p class='ocr_par' dir='ltr' id='par_1_8' title="bbox 633 1287 2076 2882">
     <span class='ocr_line' id='line_1_9' title="bbox 698 1287 2073 1342; baseline -0.003 -2"><span class='ocrx_word' id='word_1_36' title='bbox 698 1293 827 1341; x_wconf 88' lang='lat' dir='ltr'>Cum</span> <span class='ocrx_word' id='word_1_37' title='bbox 862 1295 912 1341; x_wconf 87' lang='lat' dir='ltr'>in</span> <span class='ocrx_word' id='word_1_38' title='bbox 949 1294 1273 1342; x_wconf 81' lang='lat' dir='ltr'>Generalibus</span> <span class='ocrx_word' id='word_1_39' title='bbox 1297 1292 1525 1340; x_wconf 80' lang='lat' dir='ltr'>Comitiis</span> <span class='ocrx_word' id='word_1_40' title='bbox 1556 1293 1601 1340; x_wconf 91' lang='lat' dir='ltr'>S.</span> <span class='ocrx_word' id='word_1_41' title='bbox 1626 1291 1681 1338; x_wconf 88' lang='lat' dir='ltr'><strong>C.</strong></span> <span class='ocrx_word' id='word_1_42' title='bbox 1705 1289 1766 1339; x_wconf 85' lang='lat' dir='ltr'>de</span> <span class='ocrx_word' id='word_1_43' title='bbox 1789 1288 1926 1338; x_wconf 83' lang='lat' dir='ltr'>Pnda</span> <span class='ocrx_word' id='word_1_44' title='bbox 1952 1287 2073 1337; x_wconf 83' lang='lat' dir='ltr'>Fide</span> 
     </span>
     <span class='ocr_line' id='line_1_10' title="bbox 638 1374 2069 1433; baseline -0.003 -8"><span class='ocrx_word' id='word_1_45' title='bbox 638 1377 820 1425; x_wconf 82' lang='lat' dir='ltr'>habitis</span> <span class='ocrx_word' id='word_1_46' title='bbox 842 1377 923 1425; x_wconf 90' lang='lat' dir='ltr'>die</span> <span class='ocrx_word' id='word_1_47' title='bbox 946 1381 1006 1425; x_wconf 90' lang='lat'>30</span> <span class='ocrx_word' id='word_1_48' title='bbox 1030 1378 1251 1425; x_wconf 79' lang='lat' dir='ltr'>Januarii</span> <span class='ocrx_word' id='word_1_49' title='bbox 1298 1380 1432 1433; x_wconf 82' lang='grc'><strong>1865,</strong></span> <span class='ocrx_word' id='word_1_50' title='bbox 1466 1376 1698 1424; x_wconf 75' lang='lat' dir='ltr'>referente</span> <span class='ocrx_word' id='word_1_51' title='bbox 1722 1376 1850 1423; x_wconf 88' lang='lat' dir='ltr'>Emo</span> <span class='ocrx_word' id='word_1_52' title='bbox 1872 1381 1920 1422; x_wconf 86' lang='lat' dir='ltr'>et</span> <span class='ocrx_word' id='word_1_53' title='bbox 1943 1374 2069 1422; x_wconf 87' lang='lat' dir='ltr'>Rmo</span> 
     </span>
     <span class='ocr_line' id='line_1_11' title="bbox 639 1457 2076 1523; baseline -0.001 -15"><span class='ocrx_word' id='word_1_54' title='bbox 639 1461 781 1508; x_wconf 79' lang='lat' dir='ltr'><strong>Card.</strong></span> <span class='ocrx_word' id='word_1_55' title='bbox 849 1461 1102 1509; x_wconf 65' lang='lat' dir='ltr'>Ludovico</span> <span class='ocrx_word' id='word_1_56' title='bbox 1165 1462 1225 1509; x_wconf 89' lang='lat' dir='ltr'>de</span> <span class='ocrx_word' id='word_1_57' title='bbox 1291 1461 1507 1518; x_wconf 80' lang='lat' dir='ltr'>Alteriis,</span> <span class='ocrx_word' id='word_1_58' title='bbox 1586 1461 1870 1523; x_wconf 84' lang='lat' dir='ltr'>expositum</span> <span class='ocrx_word' id='word_1_59' title='bbox 1928 1457 2076 1507; x_wconf 85' lang='lat' dir='ltr'>fuerit</span> 
     </span>
     <span class='ocr_line' id='line_1_12' title="bbox 633 1534 2070 1608; baseline -0.001 -15"><span class='ocrx_word' id='word_1_60' title='bbox 633 1534 731 1593; x_wconf 84' lang='lat' dir='ltr'><strong>RR.</strong></span> <span class='ocrx_word' id='word_1_61' title='bbox 755 1546 847 1593; x_wconf 92' lang='grc' dir='ltr'>ΡΡ.</span> <span class='ocrx_word' id='word_1_62' title='bbox 872 1546 978 1593; x_wconf 87' lang='lat' dir='ltr'><strong>DI).</strong></span> <span class='ocrx_word' id='word_1_63' title='bbox 1016 1547 1335 1594; x_wconf 80' lang='lat' dir='ltr'>Franciseum</span> <span class='ocrx_word' id='word_1_64' title='bbox 1379 1544 1687 1608; x_wconf 83' lang='lat' dir='ltr'>Baillargeon</span> <span class='ocrx_word' id='word_1_65' title='bbox 1722 1545 1886 1607; x_wconf 87' lang='lat' dir='ltr'>Epum</span> <span class='ocrx_word' id='word_1_66' title='bbox 1922 1544 2070 1592; x_wconf 74' lang='lat' dir='ltr'>Tloa-</span> 
     </span>
     <span class='ocr_line' id='line_1_13' title="bbox 634 1629 2075 1692; baseline -0.001 -15"><span class='ocrx_word' id='word_1_67' title='bbox 634 1644 757 1678; x_wconf 88' lang='lat' dir='ltr'>num</span> <span class='ocrx_word' id='word_1_68' title='bbox 798 1629 1036 1678; x_wconf 88' lang='lat' dir='ltr'>Admrem</span> <span class='ocrx_word' id='word_1_69' title='bbox 1075 1629 1452 1678; x_wconf 87' lang='lat' dir='ltr'>Archidioecesis</span> <span class='ocrx_word' id='word_1_70' title='bbox 1487 1629 1827 1687; x_wconf 82' lang='lat' dir='ltr'>Quebecensis</span> <span class='ocrx_word' id='word_1_71' title='bbox 1860 1634 1909 1677; x_wconf 89' lang='lat' dir='ltr'>et</span> <span class='ocrx_word' id='word_1_72' title='bbox 1942 1629 2075 1692; x_wconf 77' lang='lat' dir='ltr'>Epos</span> 
     </span>
     <span class='ocr_line' id='line_1_14' title="bbox 635 1713 2072 1778; baseline 0.001 -17"><span class='ocrx_word' id='word_1_73' title='bbox 635 1713 955 1762; x_wconf 83' lang='lat' dir='ltr'>Canadenses</span> <span class='ocrx_word' id='word_1_74' title='bbox 993 1715 1046 1763; x_wconf 86' lang='lat' dir='ltr'>in</span> <span class='ocrx_word' id='word_1_75' title='bbox 1082 1715 1153 1763; x_wconf 82' lang='lat'>111</span> <span class='ocrx_word' id='word_1_76' title='bbox 1193 1715 1388 1778; x_wconf 88' lang='lat' dir='ltr'>Synodo</span> <span class='ocrx_word' id='word_1_77' title='bbox 1421 1716 1557 1763; x_wconf 84' lang='lat' dir='ltr'><strong>Prov.</strong></span> <span class='ocrx_word' id='word_1_78' title='bbox 1598 1715 1914 1771; x_wconf 81' lang='lat' dir='ltr'>Quebecensi</span> <span class='ocrx_word' id='word_1_79' title='bbox 1937 1729 2072 1763; x_wconf 84' lang='lat' dir='ltr'>anno</span> 
     </span>
     <span class='ocr_line' id='line_1_15' title="bbox 638 1799 2074 1865; baseline 0.001 -18"><span class='ocrx_word' id='word_1_80' title='bbox 638 1803 758 1848; x_wconf 88' lang='grc'><strong>1863</strong></span> <span class='ocrx_word' id='word_1_81' title='bbox 797 1799 1101 1849; x_wconf 83' lang='lat' dir='ltr'>coadunatos</span> <span class='ocrx_word' id='word_1_82' title='bbox 1153 1817 1237 1865; x_wconf 85' lang='lat' dir='ltr'>per</span> <span class='ocrx_word' id='word_1_83' title='bbox 1272 1801 1542 1864; x_wconf 84' lang='lat' dir='ltr'>supplicem</span> <span class='ocrx_word' id='word_1_84' title='bbox 1589 1801 1814 1849; x_wconf 86' lang='lat' dir='ltr'>libellum</span> <span class='ocrx_word' id='word_1_85' title='bbox 1859 1801 2074 1849; x_wconf 87' lang='lat' dir='ltr'><strong>Romam</strong></span> 
     </span>
     <span class='ocr_line' id='line_1_16' title="bbox 635 1884 2071 1947; baseline 0.001 -16"><span class='ocrx_word' id='word_1_86' title='bbox 635 1884 843 1932; x_wconf 87' lang='lat' dir='ltr'>missum</span> <span class='ocrx_word' id='word_1_87' title='bbox 884 1885 1092 1933; x_wconf 87' lang='lat' dir='ltr'>SSrnum</span> <span class='ocrx_word' id='word_1_88' title='bbox 1124 1887 1183 1933; x_wconf 92' lang='lat' dir='ltr'>D.</span> <span class='ocrx_word' id='word_1_89' title='bbox 1223 1886 1286 1935; x_wconf 93' lang='lat' dir='ltr'>N.</span> <span class='ocrx_word' id='word_1_90' title='bbox 1308 1892 1527 1947; x_wconf 87' lang='lat' dir='ltr'>precatos</span> <span class='ocrx_word' id='word_1_91' title='bbox 1549 1886 1703 1934; x_wconf 86' lang='lat' dir='ltr'>fuisse</span> <span class='ocrx_word' id='word_1_92' title='bbox 1726 1891 1781 1933; x_wconf 88' lang='lat' dir='ltr'>ut</span> <span class='ocrx_word' id='word_1_93' title='bbox 1803 1884 2071 1933; x_wconf 84' lang='lat' dir='ltr'>concedere</span> 
     </span>
     <span class='ocr_line' id='line_1_17' title="bbox 641 1969 2073 2034; baseline 0 -16"><span class='ocrx_word' id='word_1_94' title='bbox 641 1969 1049 2031; x_wconf 76' lang='lat' dir='ltr'>dignaretur—“</span> <span class='ocrx_word' id='word_1_95' title='bbox 1073 1970 1440 2034; x_wconf 78' lang='lat' dir='ltr'>Indulgentiam</span> <span class='ocrx_word' id='word_1_96' title='bbox 1493 1970 1771 2019; x_wconf 84' lang='lat' dir='ltr'>Plenariam</span> <span class='ocrx_word' id='word_1_97' title='bbox 1810 1976 1981 2031; x_wconf 80' lang='lat' dir='ltr'>quater</span> <span class='ocrx_word' id='word_1_98' title='bbox 2018 1970 2073 2018; x_wconf 91' lang='lat' dir='ltr'>in</span> 
     </span>
     <span class='ocr_line' id='line_1_18' title="bbox 636 2056 2071 2121; baseline 0.001 -18"><span class='ocrx_word' id='word_1_99' title='bbox 636 2062 665 2084; x_wconf 76' lang='lat'>‘⁸</span> <span class='ocrx_word' id='word_1_100' title='bbox 688 2071 820 2104; x_wconf 78' lang='lat' dir='ltr'>anno</span> <span class='ocrx_word' id='word_1_101' title='bbox 843 2056 1133 2105; x_wconf 80' lang='lat' dir='ltr'>lucrandam</span> <span class='ocrx_word' id='word_1_102' title='bbox 1154 2056 1218 2105; x_wconf 88' lang='lat' dir='ltr'>ad</span> <span class='ocrx_word' id='word_1_103' title='bbox 1250 2056 1607 2121; x_wconf 84' lang='lat' dir='ltr'>promovendas</span> <span class='ocrx_word' id='word_1_104' title='bbox 1637 2057 1744 2120; x_wconf 87' lang='lat' dir='ltr'>pias</span> <span class='ocrx_word' id='word_1_105' title='bbox 1779 2056 2071 2104; x_wconf 81' lang='lat' dir='ltr'>Sodalitates</span> 
     </span>
     <span class='ocr_line' id='line_1_19' title="bbox 635 2141 2070 2204; baseline 0 -17"><span class='ocrx_word' id='word_1_106' title='bbox 635 2145 665 2169; x_wconf 89' lang='lat'><strong>“</strong></span> <span class='ocrx_word' id='word_1_107' title='bbox 689 2156 774 2188; x_wconf 87' lang='lat' dir='ltr'>seu</span> <span class='ocrx_word' id='word_1_108' title='bbox 820 2141 1191 2189; x_wconf 81' lang='lat' dir='ltr'>Associationes</span> <span class='ocrx_word' id='word_1_109' title='bbox 1241 2158 1446 2204; x_wconf 83' lang='lat' dir='ltr'>quarum</span> <span class='ocrx_word' id='word_1_110' title='bbox 1502 2142 1708 2189; x_wconf 84' lang='lat' dir='ltr'>nomina</span> <span class='ocrx_word' id='word_1_111' title='bbox 1762 2145 2070 2201; x_wconf 70' lang='lat' dir='ltr'>sequunturz</span> 
     </span>
     <span class='ocr_line' id='line_1_20' title="bbox 634 2224 2071 2289; baseline 0 -17"><span class='ocrx_word' id='word_1_112' title='bbox 634 2230 663 2253; x_wconf 71' lang='lat'>‘⁶</span> <span class='ocrx_word' id='word_1_113' title='bbox 692 2227 730 2272; x_wconf 91' lang='lat'><strong>1.</strong></span> <span class='ocrx_word' id='word_1_114' title='bbox 756 2224 998 2273; x_wconf 75' lang='lat' dir='ltr'>Sodalitas</span> <span class='ocrx_word' id='word_1_115' title='bbox 1052 2224 1185 2274; x_wconf 72' lang='lat' dir='ltr'>dicta</span> <span class='ocrx_word' id='word_1_116' title='bbox 1227 2226 1286 2274; x_wconf 89' lang='lat' dir='ltr'>de</span> <span class='ocrx_word' id='word_1_117' title='bbox 1341 2227 1389 2274; x_wconf 90' lang='lat' dir='ltr'>S.</span> <span class='ocrx_word' id='word_1_118' title='bbox 1433 2226 1735 2289; x_wconf 85' lang='lat' dir='ltr'>Hieronymo</span> <span class='ocrx_word' id='word_1_119' title='bbox 1789 2225 2071 2281; x_wconf 78' lang='lat' dir='ltr'>AEmiliano,</span> 
     </span>
     <span class='ocr_line' id='line_1_21' title="bbox 635 2309 2072 2371; baseline 0.001 -16"><span class='ocrx_word' id='word_1_120' title='bbox 635 2314 663 2337; x_wconf 89' lang='lat'><strong>“</strong></span> <span class='ocrx_word' id='word_1_121' title='bbox 685 2311 730 2355; x_wconf 85' lang='lat'><strong>2.</strong></span> <span class='ocrx_word' id='word_1_122' title='bbox 764 2310 1042 2371; x_wconf 70' lang='lat' dir='ltr'>Pauper-um</span> <span class='ocrx_word' id='word_1_123' title='bbox 1061 2310 1338 2366; x_wconf 84' lang='lat' dir='ltr'>Ancillulae,</span> <span class='ocrx_word' id='word_1_124' title='bbox 1353 2313 1399 2357; x_wconf 86' lang='lat'><strong>3.</strong></span> <span class='ocrx_word' id='word_1_125' title='bbox 1424 2309 1666 2358; x_wconf 83' lang='lat' dir='ltr'>Sodalitas</span> <span class='ocrx_word' id='word_1_126' title='bbox 1688 2310 1748 2358; x_wconf 85' lang='lat' dir='ltr'>‹le</span> <span class='ocrx_word' id='word_1_127' title='bbox 1777 2311 1823 2358; x_wconf 89' lang='lat' dir='ltr'>S.</span> <span class='ocrx_word' id='word_1_128' title='bbox 1844 2310 2072 2365; x_wconf 82' lang='lat' dir='ltr'><strong>Infantia,</strong></span> 
     </span>
     <span class='ocr_line' id='line_1_22' title="bbox 635 2393 2073 2456; baseline 0.002 -17"><span class='ocrx_word' id='word_1_129' title='bbox 635 2397 664 2420; x_wconf 78' lang='lat'>‘⁴</span> <span class='ocrx_word' id='word_1_130' title='bbox 688 2395 730 2439; x_wconf 85' lang='grc'>4.</span> <span class='ocrx_word' id='word_1_131' title='bbox 755 2393 1106 2441; x_wconf 84' lang='lat' dir='ltr'>Beneficentiae.</span> <span class='ocrx_word' id='word_1_132' title='bbox 1129 2394 1362 2442; x_wconf 83' lang='lat' dir='ltr'>Societas.</span> <span class='ocrx_word' id='word_1_133' title='bbox 1397 2394 1601 2456; x_wconf 83' lang='lat' dir='ltr'>Insuper</span> <span class='ocrx_word' id='word_1_134' title='bbox 1622 2394 1906 2443; x_wconf 80' lang='lat' dir='ltr'>earumdem</span> <span class='ocrx_word' id='word_1_135' title='bbox 1932 2394 2073 2442; x_wconf 88' lang='lat' dir='ltr'>soda-</span> 
     </span>
     <span class='ocr_line' id='line_1_23' title="bbox 635 2476 2074 2538; baseline 0.003 -15"><span class='ocrx_word' id='word_1_136' title='bbox 635 2482 664 2504; x_wconf 89' lang='lat'><strong>“</strong></span> <span class='ocrx_word' id='word_1_137' title='bbox 686 2476 883 2524; x_wconf 80' lang='lat' dir='ltr'>litatum</span> <span class='ocrx_word' id='word_1_138' title='bbox 904 2477 1140 2525; x_wconf 80' lang='lat' dir='ltr'>membris</span> <span class='ocrx_word' id='word_1_139' title='bbox 1154 2477 1519 2538; x_wconf 80' lang='lat' dir='ltr'>indulgentiam</span> <span class='ocrx_word' id='word_1_140' title='bbox 1535 2484 1863 2527; x_wconf 84' lang='lat' dir='ltr'>trecentorum</span> <span class='ocrx_word' id='word_1_141' title='bbox 1881 2478 2074 2527; x_wconf 84' lang='lat' dir='ltr'>dierum</span> 
     </span>
     <span class='ocr_line' id='line_1_24' title="bbox 636 2562 2074 2626; baseline 0.003 -18"><span class='ocrx_word' id='word_1_142' title='bbox 636 2567 664 2589; x_wconf 82' lang='lat'>‘⁶</span> <span class='ocrx_word' id='word_1_143' title='bbox 686 2562 1094 2623; x_wconf 87' lang='lat' dir='ltr'>quotiescumque</span> <span class='ocrx_word' id='word_1_144' title='bbox 1117 2562 1264 2612; x_wconf 84' lang='lat' dir='ltr'>alicui</span> <span class='ocrx_word' id='word_1_145' title='bbox 1296 2563 1425 2625; x_wconf 86' lang='lat' dir='ltr'>operi</span> <span class='ocrx_word' id='word_1_146' title='bbox 1451 2563 1683 2612; x_wconf 81' lang='lat' dir='ltr'>Societati</span> <span class='ocrx_word' id='word_1_147' title='bbox 1705 2564 1890 2626; x_wconf 89' lang='lat' dir='ltr'>proprio</span> <span class='ocrx_word' id='word_1_148' title='bbox 1929 2579 2074 2612; x_wconf 57' lang='lat' dir='ltr'>vaca-¹</span> 
     </span>
     <span class='ocr_line' id='line_1_25' title="bbox 636 2647 2076 2708; baseline 0.001 -14"><span class='ocrx_word' id='word_1_149' title='bbox 636 2653 665 2675; x_wconf 89' lang='lat'><strong>“</strong></span> <span class='ocrx_word' id='word_1_150' title='bbox 687 2647 825 2703; x_wconf 87' lang='lat' dir='ltr'>bunt,</span> <span class='ocrx_word' id='word_1_151' title='bbox 878 2647 1165 2708; x_wconf 84' lang='lat' dir='ltr'>quotiesque</span> <span class='ocrx_word' id='word_1_152' title='bbox 1221 2647 1529 2696; x_wconf 78' lang='lat' dir='ltr'>convenient</span> <span class='ocrx_word' id='word_1_153' title='bbox 1583 2647 1647 2696; x_wconf 82' lang='lat' dir='ltr'>ad</span> <span class='ocrx_word' id='word_1_154' title='bbox 1697 2648 1824 2696; x_wconf 81' lang='lat' dir='ltr'>fines</span> <span class='ocrx_word' id='word_1_155' title='bbox 1857 2664 1960 2696; x_wconf 85' lang='lat' dir='ltr'>suae</span> <span class='ocrx_word' id='word_1_156' title='bbox 2003 2663 2076 2696; x_wconf 86' lang='lat' dir='ltr'>re-</span> 
     </span>
     <span class='ocr_line' id='line_1_26' title="bbox 636 2730 2076 2796; baseline 0.003 -19"><span class='ocrx_word' id='word_1_157' title='bbox 636 2735 665 2758; x_wconf 90' lang='lat'><strong>“</strong></span> <span class='ocrx_word' id='word_1_158' title='bbox 688 2730 917 2793; x_wconf 79' lang='lat' dir='ltr'>spectivae</span> <span class='ocrx_word' id='word_1_159' title='bbox 960 2730 1220 2780; x_wconf 82' lang='lat' dir='ltr'>Societatis</span> <span class='ocrx_word' id='word_1_160' title='bbox 1240 2733 1268 2756; x_wconf 84' lang='lat'>’²</span> <span class='ocrx_word' id='word_1_161' title='bbox 1289 2758 1352 2767; x_wconf 90' lang='lat'>—-</span> <span class='ocrx_word' id='word_1_162' title='bbox 1369 2733 1416 2779; x_wconf 85' lang='lat' dir='ltr'><strong>S.</strong></span> <span class='ocrx_word' id='word_1_163' title='bbox 1441 2732 1650 2795; x_wconf 73' lang='lat' dir='ltr'>Congtio</span> <span class='ocrx_word' id='word_1_164' title='bbox 1677 2732 2076 2796; x_wconf 85' lang='lat' dir='ltr'>respondendum</span> 
     </span>
     <span class='ocr_line' id='line_1_27' title="bbox 636 2814 2076 2882; baseline 0.001 -19"><span class='ocrx_word' id='word_1_165' title='bbox 636 2814 867 2864; x_wconf 83' lang='lat' dir='ltr'>censuit:</span> <span class='ocrx_word' id='word_1_166' title='bbox 921 2815 1091 2863; x_wconf 80' lang='lat' dir='ltr'>Audito</span> <span class='ocrx_word' id='word_1_167' title='bbox 1119 2817 1245 2881; x_wconf 82' lang='lat' dir='ltr'>prius</span> <span class='ocrx_word' id='word_1_168' title='bbox 1277 2832 1409 2881; x_wconf 75' lang='lat' dir='ltr'>super</span> <span class='ocrx_word' id='word_1_169' title='bbox 1430 2816 1574 2865; x_wconf 82' lang='lat' dir='ltr'>indole</span> <span class='ocrx_word' id='word_1_170' title='bbox 1592 2819 1769 2882; x_wconf 78' lang='lat' dir='ltr'>piarum</span> <span class='ocrx_word' id='word_1_171' title='bbox 1805 2816 2076 2866; x_wconf 76' lang='lat' dir='ltr'>Societatum</span> 
     </span>
    </p>
   </div>
   <div class='ocr_carea' id='block_1_9' title="bbox 0 0 2404 3432">
    <p class='ocr_par' dir='ltr' id='par_1_9' title="bbox 0 0 2404 3432">
     <span class='ocr_line' id='line_1_28' title="bbox 0 0 2404 3432; baseline 0 0"><span class='ocrx_word' id='word_1_172' title='bbox 0 0 2404 3432; x_wconf 95' lang='lat' dir='ltr'> </span> 
     </span>
    </p>
   </div>
  </div>
 </body>
</html>
