2388 3400
11 495 120 545 obis

11 861 125 895 ano-

22 932 129 995 ipsi.

0 1693 134 1742 ensis

7 1862 131 1911 San-

1 1946 112 2010 ipsi.

0 2033 133 2095 Epus

18 2119 130 2168 sub·

0 2305 133 2339 ΟῙὍΠ·

959 364 1292 402 noviacum
1324 368 1398 402 m.
1836 356 1896 403 63

984 607 1378 660 PETITIO

747 791 973 823 vultuum
998 794 1270 825 erumA'rtm
1298 796 1348 825 ΚΤ
1375 796 1622 827 orrannum

655 941 940 992 Sanctis-sime
966 942 1120 1001 Pater,

528 1057 632 1107 Nos
665 1057 940 1125 Episcopus
962 1062 1274 1119 Tloanensis,
1297 1063 1673 1113 Archidioecesis
1708 1066 1898 1122 Quebe-

464 1144 632 1193 censis
654 1145 1052 1204 Administrator,
1091 1152 1142 1196 et
1162 1147 1248 1196 alii
1282 1148 1502 1211 ejusdem
1538 1149 1753 1197 nominis
1788 1151 1898 1199 Pro-

464 1227 645 1277 vinciae
675 1239 678 1245 ’
710 1228 956 1292 Episcopi,
1019 1230 1081 1278 ob
1148 1231 1264 1280 varii
1326 1231 1519 1293 generis
1582 1232 1899 1282 incommoda

463 1311 685 1369 vitanda,
714 1318 765 1361 et
785 1312 848 1362 ad
870 1312 1136 1362 fovendam
1174 1316 1427 1365 caritatem
1463 1314 1702 1374 fidelium,
1737 1317 1899 1366 humi-

465 1398 578 1447 liter
598 1396 909 1461 postulamus
932 1404 1194 1461 sequentes
1215 1400 1478 1449 facultates
1500 1406 1548 1448 et
1570 1400 1757 1449 favores
1781 1417 1794 1448 ε

533 1485 573 1530 1.
608 1481 920 1532 Facultatem
942 1481 1253 1546 impertiendi
1275 1490 1410 1532 extra
1432 1484 1639 1532 missam
1672 1483 1900 1534 benedic·

466 1569 657 1618 tionem
703 1568 979 1631 nuptialem
1023 1567 1316 1625 solemnem,
1358 1568 1421 1617 iis
1465 1569 1677 1631 sponsiS,
1721 1570 1900 1630 quibus

466 1652 713 1709 eamdem,
728 1653 835 1715 jure
849 1652 1124 1709 communi,
1147 1651 1263 1701 licet
1272 1652 1625 1701 intramissam
1643 1652 1873 1715 impertiri
1888 1670 1901 1711 ;

530 1740 576 1785 2.
610 1737 924 1786 Facultatem
946 1734 1228 1793 adhibendi,
1249 1737 1304 1785 in
1335 1737 1584 1799 baptismo
1606 1735 1901 1795 adultorum,

467 1822 671 1871 easdem
710 1822 1024 1871 caeremonias
1062 1821 1240 1883 quibus
1279 1828 1482 1870 utuntur
1518 1822 1571 1869 in
1593 1822 1903 1884 parvulorum

466 1907 752 1970 baptismo;

530 1995 574 2040 3.
607 1990 793 2041 Utendi
833 1991 888 2040 in
931 1990 1329 2039 reconciliatione
1373 1989 1726 2045 haereticorum,
1769 1990 1904 2038 brevi

464 2076 676 2125 formula
712 2076 853 2137 cujus
898 2075 1081 2124 Sancta
1124 2073 1273 2122 Sedes
1316 2087 1466 2123 usum
1509 2073 1754 2121 concessit
1796 2089 1901 2137 pro-

468 2161 651 2211 vinciis
672 2160 921 2210 soederatis
943 2159 1185 2208 Americae
1219 2157 1622 2221 Septentrionalis
1645 2173 1659 2214 ;

534 2250 577 2294 4.
611 2244 981 2308 Indulgentiam
1050 2243 1337 2307 plenariam,
1405 2248 1576 2305 quater
1656 2242 1708 2289 in
1771 2257 1904 2290 anno

470 2329 777 2386 lucrandam,
814 2328 878 2377 ad
916 2326 1272 2391 promovendas
1304 2326 1411 2390 pias
1463 2325 1761 2382 sodalitates,
1818 2342 1906 2374 seu

472 2414 843 2471 associationes,
864 2428 1075 2475 quarum
1099 2412 1303 2460 nomina
1325 2417 1593 2474 sequuntur
1615 2425 1627 2457 ε
1871 2414 1874 2417 ’

539 2502 580 2547 1.
613 2497 856 2546 Sodalitas
879 2496 1011 2545 dicta
1032 2496 1094 2544 de
1119 2496 1165 2543 S.
1190 2496 1491 2558 Hieronymo
1513 2493 1814 2552 AEmilian03

535 2584 581 2628 2.
612 2581 891 2644 Pauperum
913 2579 1212 2636 Ancillulae3

535 2670 581 2715 3.
614 2667 859 2716 Sodalitas
881 2665 943 2714 de
966 2666 1012 2713 S.
1035 2663 1252 2713 Infantia
1276 2679 1290 2721 ;

536 2754 581 2800 4.
614 2749 964 2801 Beneficentiae
986 2749 1219 2798 Societas.

2336 2072 2339 2081 ⁴

2310 2112 2313 2120 1

2333 2179 2338 2194 -÷

2313 2302 2317 2320 ,
2335 2306 2337 2311 n

2337 2384 2342 2402 ,3

2331 2410 2342 2445 L}

2338 2448 2344 2479 ἰ

2314 2496 2319 2506 1

2325 2777 2327 2782 ’
2342 2778 2344 2792 >

2326 2890 2351 2929 'f'

2340 2954 2352 2986 25

2341 3030 2352 3053 ἐὴ

2328 3101 2355 3149 ff

2328 3150 2354 3192 {lit
