<?xml version="1.0" encoding="UTF-8"?>
<!DOCTYPE html PUBLIC "-//W3C//DTD XHTML 1.0 Transitional//EN"
    "http://www.w3.org/TR/xhtml1/DTD/xhtml1-transitional.dtd">
<html xmlns="http://www.w3.org/1999/xhtml" xml:lang="en" lang="en">
 <head>
  <title>
</title>
<meta http-equiv="Content-Type" content="text/html;charset=utf-8" />
  <meta name='ocr-system' content='tesseract 3.04.00' />
  <meta name='ocr-capabilities' content='ocr_page ocr_carea ocr_par ocr_line ocrx_word'/>
</head>
<body>
  <div class='ocr_page' id='page_1' title='image "./cihm_04551_0110.png"; bbox 0 0 2328 3352; ppageno 0'>
   <div class='ocr_carea' id='block_1_1' title="bbox 34 3029 44 3317">
    <p class='ocr_par' dir='ltr' id='par_1_1' title="bbox 34 3029 44 3317">
     <span class='ocr_line' id='line_1_1' title="bbox 34 3029 44 3317; textangle 90"><span class='ocrx_word' id='word_1_1' title='bbox 34 3091 43 3317; x_wconf 34' lang='lat' dir='ltr'>-mssffl-</span> <span class='ocrx_word' id='word_1_2' title='bbox 39 3053 43 3078; x_wconf 53' lang='lat'><strong>⁴</strong></span> <span class='ocrx_word' id='word_1_3' title='bbox 39 3029 44 3045; x_wconf 73' lang='lat'>..</span> 
     </span>
    </p>
   </div>
   <div class='ocr_carea' id='block_1_2' title="bbox 229 0 2328 338">
    <p class='ocr_par' dir='ltr' id='par_1_2' title="bbox 229 0 2328 338">
     <span class='ocr_line' id='line_1_2' title="bbox 229 0 2328 338; baseline 0 3014"><span class='ocrx_word' id='word_1_4' title='bbox 229 0 2328 338; x_wconf 95' lang='lat' dir='ltr'> </span> 
     </span>
    </p>
   </div>
   <div class='ocr_carea' id='block_1_3' title="bbox 585 356 1434 402">
    <p class='ocr_par' dir='ltr' id='par_1_3' title="bbox 585 356 1434 402">
     <span class='ocr_line' id='line_1_3' title="bbox 585 356 1434 402; baseline 0.002 -2"><span class='ocrx_word' id='word_1_5' title='bbox 585 356 672 400; x_wconf 81' lang='lat'>102</span> <span class='ocrx_word' id='word_1_6' title='bbox 1162 369 1434 402; x_wconf 71' lang='lat' dir='ltr'>APPENDIX.</span> 
     </span>
    </p>
   </div>
   <div class='ocr_carea' id='block_1_4' title="bbox 572 469 2029 2411">
    <p class='ocr_par' dir='ltr' id='par_1_4' title="bbox 572 469 2029 2411">
     <span class='ocr_line' id='line_1_4' title="bbox 579 469 2028 527; baseline 0 -13"><span class='ocrx_word' id='word_1_7' title='bbox 579 470 693 514; x_wconf 84' lang='lat' dir='ltr'>illam</span> <span class='ocrx_word' id='word_1_8' title='bbox 750 471 925 527; x_wconf 84' lang='lat' dir='ltr'><strong>impiam</strong></span> <span class='ocrx_word' id='word_1_9' title='bbox 981 484 1112 526; x_wconf 86' lang='lat' dir='ltr'>acque</span> <span class='ocrx_word' id='word_1_10' title='bbox 1157 484 1205 513; x_wconf 85' lang='lat' dir='ltr'>ac</span> <span class='ocrx_word' id='word_1_11' title='bbox 1251 470 1460 512; x_wconf 82' lang='lat' dir='ltr'><strong>funestam</strong></span> <span class='ocrx_word' id='word_1_12' title='bbox 1507 470 1562 512; x_wconf 87' lang='lat' dir='ltr'>ab</span> <span class='ocrx_word' id='word_1_13' title='bbox 1608 469 1828 512; x_wconf 87' lang='lat' dir='ltr'>hominum</span> <span class='ocrx_word' id='word_1_14' title='bbox 1884 476 2028 514; x_wconf 86' lang='lat' dir='ltr'>mente</span> 
     </span>
     <span class='ocr_line' id='line_1_5' title="bbox 577 535 2027 592; baseline 0.001 -15"><span class='ocrx_word' id='word_1_15' title='bbox 577 537 838 592; x_wconf 87' lang='lat' dir='ltr'>propulsetis,</span> <span class='ocrx_word' id='word_1_16' title='bbox 895 536 1093 578; x_wconf 89' lang='lat' dir='ltr'>nimirum</span> <span class='ocrx_word' id='word_1_17' title='bbox 1138 536 1289 591; x_wconf 88' lang='lat' dir='ltr'>quavis</span> <span class='ocrx_word' id='word_1_18' title='bbox 1333 536 1377 577; x_wconf 92' lang='lat' dir='ltr'>in</span> <span class='ocrx_word' id='word_1_19' title='bbox 1430 535 1632 590; x_wconf 87' lang='lat' dir='ltr'>religione</span> <span class='ocrx_word' id='word_1_20' title='bbox 1676 536 1852 591; x_wconf 86' lang='lat' dir='ltr'>reperiri</span> <span class='ocrx_word' id='word_1_21' title='bbox 1905 550 2027 592; x_wconf 83' lang='lat' dir='ltr'>posse</span> 
     </span>
     <span class='ocr_line' id='line_1_6' title="bbox 578 600 2027 656; baseline 0 -13"><span class='ocrx_word' id='word_1_22' title='bbox 578 607 772 643; x_wconf 81' lang='lat' dir='ltr'>aeternae</span> <span class='ocrx_word' id='word_1_23' title='bbox 792 602 935 643; x_wconf 87' lang='lat' dir='ltr'>salutis</span> <span class='ocrx_word' id='word_1_24' title='bbox 956 601 1080 642; x_wconf 86' lang='lat' dir='ltr'>viam.</span> <span class='ocrx_word' id='word_1_25' title='bbox 1136 600 1198 643; x_wconf 90' lang='lat' dir='ltr'>Ea</span> <span class='ocrx_word' id='word_1_26' title='bbox 1219 614 1305 656; x_wconf 86' lang='lat' dir='ltr'>qua</span> <span class='ocrx_word' id='word_1_27' title='bbox 1338 601 1559 655; x_wconf 88' lang='lat' dir='ltr'>praestatis</span> <span class='ocrx_word' id='word_1_28' title='bbox 1578 600 1745 643; x_wconf 81' lang='lat' dir='ltr'>solertia</span> <span class='ocrx_word' id='word_1_29' title='bbox 1766 615 1814 643; x_wconf 87' lang='lat' dir='ltr'>ac</span> <span class='ocrx_word' id='word_1_30' title='bbox 1834 601 2027 643; x_wconf 84' lang='lat' dir='ltr'>doctrina</span> 
     </span>
     <span class='ocr_line' id='line_1_7' title="bbox 578 665 2027 722; baseline 0.001 -15"><span class='ocrx_word' id='word_1_31' title='bbox 578 666 863 708; x_wconf 80' lang='lat' dir='ltr'>demonstretis</span> <span class='ocrx_word' id='word_1_32' title='bbox 893 665 1120 707; x_wconf 73' lang='lat' dir='ltr'>commissis</span> <span class='ocrx_word' id='word_1_33' title='bbox 1150 679 1275 707; x_wconf 86' lang='lat' dir='ltr'>curae</span> <span class='ocrx_word' id='word_1_34' title='bbox 1295 670 1458 707; x_wconf 85' lang='lat' dir='ltr'>vestrae</span> <span class='ocrx_word' id='word_1_35' title='bbox 1489 665 1656 722; x_wconf 91' lang='lat' dir='ltr'>populis</span> <span class='ocrx_word' id='word_1_36' title='bbox 1687 666 1944 707; x_wconf 77' lang='lat' dir='ltr'>miserationi</span> <span class='ocrx_word' id='word_1_37' title='bbox 1975 680 2027 709; x_wconf 83' lang='lat' dir='ltr'>ac</span> 
     </span>
     <span class='ocr_line' id='line_1_8' title="bbox 572 729 2026 787; baseline 0 -14"><span class='ocrx_word' id='word_1_38' title='bbox 572 732 765 786; x_wconf 84' lang='lat' dir='ltr'>justitiae</span> <span class='ocrx_word' id='word_1_39' title='bbox 784 732 950 773; x_wconf 88' lang='lat' dir='ltr'>divinae</span> <span class='ocrx_word' id='word_1_40' title='bbox 964 731 1163 786; x_wconf 80' lang='lat' dir='ltr'>dogmata</span> <span class='ocrx_word' id='word_1_41' title='bbox 1178 730 1407 773; x_wconf 87' lang='lat' dir='ltr'>catholicae</span> <span class='ocrx_word' id='word_1_42' title='bbox 1420 729 1520 773; x_wconf 86' lang='lat' dir='ltr'>fidei</span> <span class='ocrx_word' id='word_1_43' title='bbox 1534 732 1781 787; x_wconf 88' lang='lat' dir='ltr'>neutiquam</span> <span class='ocrx_word' id='word_1_44' title='bbox 1797 731 2026 773; x_wconf 86' lang='lat' dir='ltr'>adversari.</span> 
     </span>
     <span class='ocr_line' id='line_1_9' title="bbox 576 796 2027 852; baseline 0 -14"><span class='ocrx_word' id='word_1_45' title='bbox 576 797 816 838; x_wconf 84' lang='lat' dir='ltr'>Tenendum</span> <span class='ocrx_word' id='word_1_46' title='bbox 845 797 1001 852; x_wconf 87' lang='lat' dir='ltr'>quippe</span> <span class='ocrx_word' id='word_1_47' title='bbox 1026 810 1077 838; x_wconf 88' lang='lat' dir='ltr'>ex</span> <span class='ocrx_word' id='word_1_48' title='bbox 1109 796 1192 838; x_wconf 87' lang='lat' dir='ltr'>fide</span> <span class='ocrx_word' id='word_1_49' title='bbox 1225 801 1287 837; x_wconf 84' lang='lat' dir='ltr'>est</span> <span class='ocrx_word' id='word_1_50' title='bbox 1315 803 1433 838; x_wconf 75' lang='lat' dir='ltr'>extra</span> <span class='ocrx_word' id='word_1_51' title='bbox 1464 796 1755 851; x_wconf 87' lang='lat' dir='ltr'>Apostolicam</span> <span class='ocrx_word' id='word_1_52' title='bbox 1787 796 2027 838; x_wconf 83' lang='lat' dir='ltr'>Romanam</span> 
     </span>
     <span class='ocr_line' id='line_1_10' title="bbox 576 861 2026 917; baseline 0 -13"><span class='ocrx_word' id='word_1_53' title='bbox 576 863 804 904; x_wconf 79' lang='lat' dir='ltr'>Ecclesiam</span> <span class='ocrx_word' id='word_1_54' title='bbox 841 862 1006 904; x_wconf 88' lang='lat' dir='ltr'>salvum</span> <span class='ocrx_word' id='word_1_55' title='bbox 1041 861 1134 902; x_wconf 88' lang='lat' dir='ltr'>fieri</span> <span class='ocrx_word' id='word_1_56' title='bbox 1168 861 1378 903; x_wconf 87' lang='lat' dir='ltr'>neminem</span> <span class='ocrx_word' id='word_1_57' title='bbox 1414 876 1545 917; x_wconf 88' lang='lat' dir='ltr'>posse,</span> <span class='ocrx_word' id='word_1_58' title='bbox 1586 861 1697 904; x_wconf 88' lang='lat' dir='ltr'>hanc</span> <span class='ocrx_word' id='word_1_59' title='bbox 1733 876 1821 904; x_wconf 88' lang='lat' dir='ltr'>esse</span> <span class='ocrx_word' id='word_1_60' title='bbox 1859 862 2026 904; x_wconf 88' lang='lat' dir='ltr'>unicam</span> 
     </span>
     <span class='ocr_line' id='line_1_11' title="bbox 577 923 2026 983; baseline -0.001 -13"><span class='ocrx_word' id='word_1_61' title='bbox 577 929 721 970; x_wconf 87' lang='lat' dir='ltr'>salutis</span> <span class='ocrx_word' id='word_1_62' title='bbox 741 942 894 981; x_wconf 88' lang='lat' dir='ltr'>arcam,</span> <span class='ocrx_word' id='word_1_63' title='bbox 923 927 1031 969; x_wconf 86' lang='lat' dir='ltr'>hanc</span> <span class='ocrx_word' id='word_1_64' title='bbox 1065 928 1238 983; x_wconf 90' lang='lat' dir='ltr'>quinon</span> <span class='ocrx_word' id='word_1_65' title='bbox 1259 927 1385 969; x_wconf 88' lang='lat' dir='ltr'>fuerit</span> <span class='ocrx_word' id='word_1_66' title='bbox 1416 928 1639 983; x_wconf 87' lang='lat' dir='ltr'>ingressus,</span> <span class='ocrx_word' id='word_1_67' title='bbox 1673 923 1836 970; x_wconf 87' lang='lat' dir='ltr'>diluvio</span> <span class='ocrx_word' id='word_1_68' title='bbox 1868 928 2026 983; x_wconf 87' lang='lat' dir='ltr'>peritu-</span> 
     </span>
     <span class='ocr_line' id='line_1_12' title="bbox 576 992 2022 1048; baseline 0.001 -14"><span class='ocrx_word' id='word_1_69' title='bbox 576 1007 699 1046; x_wconf 83' lang='lat' dir='ltr'>rum3</span> <span class='ocrx_word' id='word_1_70' title='bbox 739 994 809 1035; x_wconf 88' lang='lat' dir='ltr'>scd</span> <span class='ocrx_word' id='word_1_71' title='bbox 830 999 971 1035; x_wconf 84' lang='lat' dir='ltr'>tamen</span> <span class='ocrx_word' id='word_1_72' title='bbox 989 1007 1066 1048; x_wconf 89' lang='lat' dir='ltr'>pro</span> <span class='ocrx_word' id='word_1_73' title='bbox 1085 997 1195 1035; x_wconf 87' lang='lat' dir='ltr'>certo</span> <span class='ocrx_word' id='word_1_74' title='bbox 1225 994 1383 1048; x_wconf 87' lang='lat' dir='ltr'>pariter</span> <span class='ocrx_word' id='word_1_75' title='bbox 1412 992 1657 1035; x_wconf 87' lang='lat' dir='ltr'>habendum</span> <span class='ocrx_word' id='word_1_76' title='bbox 1685 999 1760 1043; x_wconf 87' lang='lat' dir='ltr'>est,</span> <span class='ocrx_word' id='word_1_77' title='bbox 1793 993 1868 1048; x_wconf 90' lang='lat' dir='ltr'>qui</span> <span class='ocrx_word' id='word_1_78' title='bbox 1896 1007 2022 1036; x_wconf 77' lang='lat' dir='ltr'>verae</span> 
     </span>
     <span class='ocr_line' id='line_1_13' title="bbox 576 1058 2024 1114; baseline 0.001 -15"><span class='ocrx_word' id='word_1_79' title='bbox 576 1059 789 1114; x_wconf 83' lang='lat' dir='ltr'>religionis</span> <span class='ocrx_word' id='word_1_80' title='bbox 827 1058 1063 1114; x_wconf 82' lang='lat' dir='ltr'>ignorantia</span> <span class='ocrx_word' id='word_1_81' title='bbox 1100 1058 1305 1110; x_wconf 86' lang='lat' dir='ltr'>laborent,</span> <span class='ocrx_word' id='word_1_82' title='bbox 1343 1058 1377 1099; x_wconf 91' lang='lat' dir='ltr'>si</span> <span class='ocrx_word' id='word_1_83' title='bbox 1415 1072 1467 1100; x_wconf 87' lang='lat' dir='ltr'>ea</span> <span class='ocrx_word' id='word_1_84' title='bbox 1505 1059 1557 1100; x_wconf 89' lang='lat' dir='ltr'>sit</span> <span class='ocrx_word' id='word_1_85' title='bbox 1595 1059 1864 1112; x_wconf 87' lang='lat' dir='ltr'>invincibilis,</span> <span class='ocrx_word' id='word_1_86' title='bbox 1903 1059 2024 1101; x_wconf 86' lang='lat' dir='ltr'>nulla</span> 
     </span>
     <span class='ocr_line' id='line_1_14' title="bbox 573 1123 2021 1179; baseline 0.001 -14"><span class='ocrx_word' id='word_1_87' title='bbox 573 1125 684 1179; x_wconf 88' lang='lat' dir='ltr'>ipsos</span> <span class='ocrx_word' id='word_1_88' title='bbox 703 1124 909 1178; x_wconf 84' lang='lat' dir='ltr'>obstringi</span> <span class='ocrx_word' id='word_1_89' title='bbox 928 1123 1101 1178; x_wconf 89' lang='lat' dir='ltr'>hujusce</span> <span class='ocrx_word' id='word_1_90' title='bbox 1119 1123 1177 1165; x_wconf 90' lang='lat' dir='ltr'>rei</span> <span class='ocrx_word' id='word_1_91' title='bbox 1196 1123 1324 1178; x_wconf 85' lang='lat' dir='ltr'>culpa</span> <span class='ocrx_word' id='word_1_92' title='bbox 1357 1128 1456 1164; x_wconf 89' lang='lat' dir='ltr'>ante</span> <span class='ocrx_word' id='word_1_93' title='bbox 1486 1124 1628 1165; x_wconf 89' lang='lat' dir='ltr'>oculos</span> <span class='ocrx_word' id='word_1_94' title='bbox 1647 1124 1835 1165; x_wconf 86' lang='lat' dir='ltr'>Domini.</span> <span class='ocrx_word' id='word_1_95' title='bbox 1891 1124 2021 1166; x_wconf 85' lang='lat' dir='ltr'>Nunc</span> 
     </span>
     <span class='ocr_line' id='line_1_15' title="bbox 581 1188 2026 1244; baseline 0.002 -15"><span class='ocrx_word' id='word_1_96' title='bbox 581 1203 674 1231; x_wconf 90' lang='lat' dir='ltr'>vero</span> <span class='ocrx_word' id='word_1_97' title='bbox 713 1189 806 1243; x_wconf 89' lang='lat' dir='ltr'>quis</span> <span class='ocrx_word' id='word_1_98' title='bbox 844 1195 1009 1230; x_wconf 88' lang='lat' dir='ltr'>tantum</span> <span class='ocrx_word' id='word_1_99' title='bbox 1056 1188 1136 1230; x_wconf 88' lang='lat' dir='ltr'>sibi</span> <span class='ocrx_word' id='word_1_100' title='bbox 1171 1194 1351 1244; x_wconf 87' lang='lat' dir='ltr'>arroget,</span> <span class='ocrx_word' id='word_1_101' title='bbox 1400 1194 1447 1230; x_wconf 89' lang='lat' dir='ltr'>ut</span> <span class='ocrx_word' id='word_1_102' title='bbox 1482 1189 1725 1244; x_wconf 90' lang='lat' dir='ltr'>hujusmodi</span> <span class='ocrx_word' id='word_1_103' title='bbox 1762 1189 2026 1244; x_wconf 86' lang='lat' dir='ltr'>ignorantiae</span> 
     </span>
     <span class='ocr_line' id='line_1_16' title="bbox 576 1253 2024 1309; baseline 0.001 -15"><span class='ocrx_word' id='word_1_104' title='bbox 576 1254 792 1308; x_wconf 82' lang='lat' dir='ltr'>designare</span> <span class='ocrx_word' id='word_1_105' title='bbox 813 1253 966 1294; x_wconf 88' lang='lat' dir='ltr'>limites</span> <span class='ocrx_word' id='word_1_106' title='bbox 995 1258 1124 1308; x_wconf 85' lang='lat' dir='ltr'>queat</span> <span class='ocrx_word' id='word_1_107' title='bbox 1148 1253 1274 1308; x_wconf 88' lang='lat' dir='ltr'>juxta</span> <span class='ocrx_word' id='word_1_108' title='bbox 1298 1254 1563 1309; x_wconf 88' lang='lat' dir='ltr'>populorum,</span> <span class='ocrx_word' id='word_1_109' title='bbox 1583 1254 1816 1309; x_wconf 88' lang='lat' dir='ltr'>regionum,</span> <span class='ocrx_word' id='word_1_110' title='bbox 1837 1254 2024 1309; x_wconf 87' lang='lat' dir='ltr'>ingenio-</span> 
     </span>
     <span class='ocr_line' id='line_1_17' title="bbox 576 1318 2024 1373; baseline 0.001 -14"><span class='ocrx_word' id='word_1_111' title='bbox 576 1324 678 1370; x_wconf 86' lang='lat' dir='ltr'>rum,</span> <span class='ocrx_word' id='word_1_112' title='bbox 700 1318 962 1373; x_wconf 87' lang='lat' dir='ltr'>aliarumque</span> <span class='ocrx_word' id='word_1_113' title='bbox 973 1331 1111 1358; x_wconf 90' lang='lat' dir='ltr'>rerum</span> <span class='ocrx_word' id='word_1_114' title='bbox 1124 1322 1210 1359; x_wconf 86' lang='lat' dir='ltr'>tam</span> <span class='ocrx_word' id='word_1_115' title='bbox 1222 1319 1451 1360; x_wconf 87' lang='lat' dir='ltr'>multarum</span> <span class='ocrx_word' id='word_1_116' title='bbox 1468 1318 1674 1360; x_wconf 87' lang='lat' dir='ltr'>rationem</span> <span class='ocrx_word' id='word_1_117' title='bbox 1693 1324 1735 1360; x_wconf 88' lang='lat' dir='ltr'>et</span> <span class='ocrx_word' id='word_1_118' title='bbox 1747 1319 2024 1361; x_wconf 57' lang='lat' dir='ltr'>varietatem?</span> 
     </span>
     <span class='ocr_line' id='line_1_18' title="bbox 575 1383 2026 1438; baseline 0.002 -14"><span class='ocrx_word' id='word_1_119' title='bbox 575 1384 799 1425; x_wconf 85' lang='lat' dir='ltr'>Enimvero</span> <span class='ocrx_word' id='word_1_120' title='bbox 845 1397 943 1425; x_wconf 89' lang='lat' dir='ltr'>cum</span> <span class='ocrx_word' id='word_1_121' title='bbox 988 1383 1112 1424; x_wconf 90' lang='lat' dir='ltr'>soluti</span> <span class='ocrx_word' id='word_1_122' title='bbox 1157 1384 1364 1438; x_wconf 83' lang='lat' dir='ltr'>corporeis</span> <span class='ocrx_word' id='word_1_123' title='bbox 1410 1383 1524 1425; x_wconf 89' lang='lat' dir='ltr'>hisce</span> <span class='ocrx_word' id='word_1_124' title='bbox 1562 1384 1740 1426; x_wconf 88' lang='lat' dir='ltr'>vinculis</span> <span class='ocrx_word' id='word_1_125' title='bbox 1788 1384 2026 1427; x_wconf 85' lang='lat' dir='ltr'>videbimus</span> 
     </span>
     <span class='ocr_line' id='line_1_19' title="bbox 575 1449 2023 1506; baseline 0.001 -15"><span class='ocrx_word' id='word_1_126' title='bbox 575 1450 712 1492; x_wconf 87' lang='lat' dir='ltr'>Deum</span> <span class='ocrx_word' id='word_1_127' title='bbox 733 1450 855 1491; x_wconf 80' lang='lat' dir='ltr'>sicuti</span> <span class='ocrx_word' id='word_1_128' title='bbox 875 1455 950 1502; x_wconf 89' lang='lat' dir='ltr'>cst,</span> <span class='ocrx_word' id='word_1_129' title='bbox 970 1449 1250 1505; x_wconf 86' lang='lat' dir='ltr'>intelligemus</span> <span class='ocrx_word' id='word_1_130' title='bbox 1270 1450 1456 1504; x_wconf 86' lang='lat' dir='ltr'>profecto</span> <span class='ocrx_word' id='word_1_131' title='bbox 1477 1463 1605 1505; x_wconf 88' lang='lat' dir='ltr'>quam</span> <span class='ocrx_word' id='word_1_132' title='bbox 1625 1455 1739 1492; x_wconf 85' lang='lat' dir='ltr'>arcto</span> <span class='ocrx_word' id='word_1_133' title='bbox 1758 1450 2023 1506; x_wconf 88' lang='lat' dir='ltr'>pulchroque</span> 
     </span>
     <span class='ocr_line' id='line_1_20' title="bbox 575 1515 2025 1571; baseline 0.001 -14"><span class='ocrx_word' id='word_1_134' title='bbox 575 1529 684 1557; x_wconf 86' lang='lat' dir='ltr'>nexu</span> <span class='ocrx_word' id='word_1_135' title='bbox 703 1516 916 1557; x_wconf 79' lang='lat' dir='ltr'>miseratio</span> <span class='ocrx_word' id='word_1_136' title='bbox 937 1529 985 1557; x_wconf 90' lang='lat' dir='ltr'>ac</span> <span class='ocrx_word' id='word_1_137' title='bbox 998 1515 1162 1570; x_wconf 87' lang='lat' dir='ltr'>justitia</span> <span class='ocrx_word' id='word_1_138' title='bbox 1176 1516 1322 1557; x_wconf 86' lang='lat' dir='ltr'>divina</span> <span class='ocrx_word' id='word_1_139' title='bbox 1340 1516 1586 1571; x_wconf 79' lang='lat' dir='ltr'>copulentur</span> <span class='ocrx_word' id='word_1_140' title='bbox 1606 1529 1617 1567; x_wconf 90' lang='lat'>;</span> <span class='ocrx_word' id='word_1_141' title='bbox 1637 1516 1841 1570; x_wconf 86' lang='lat' dir='ltr'>quamdiu</span> <span class='ocrx_word' id='word_1_142' title='bbox 1860 1530 1960 1558; x_wconf 87' lang='lat' dir='ltr'>vero</span> <span class='ocrx_word' id='word_1_143' title='bbox 1980 1516 2025 1558; x_wconf 91' lang='lat' dir='ltr'>in</span> 
     </span>
     <span class='ocr_line' id='line_1_21' title="bbox 576 1580 2024 1636; baseline 0.001 -14"><span class='ocrx_word' id='word_1_144' title='bbox 576 1581 697 1622; x_wconf 86' lang='lat' dir='ltr'>terris</span> <span class='ocrx_word' id='word_1_145' title='bbox 739 1594 954 1621; x_wconf 84' lang='lat' dir='ltr'>versamur</span> <span class='ocrx_word' id='word_1_146' title='bbox 990 1580 1156 1622; x_wconf 84' lang='lat' dir='ltr'>mortali</span> <span class='ocrx_word' id='word_1_147' title='bbox 1200 1580 1283 1622; x_wconf 90' lang='lat' dir='ltr'>hac</span> <span class='ocrx_word' id='word_1_148' title='bbox 1329 1581 1496 1636; x_wconf 87' lang='lat' dir='ltr'>gravati</span> <span class='ocrx_word' id='word_1_149' title='bbox 1542 1580 1654 1622; x_wconf 90' lang='lat' dir='ltr'>mole</span> <span class='ocrx_word' id='word_1_150' title='bbox 1699 1594 1807 1636; x_wconf 86' lang='lat' dir='ltr'>quae</span> <span class='ocrx_word' id='word_1_151' title='bbox 1853 1580 2024 1623; x_wconf 86' lang='lat' dir='ltr'>hebetat</span> 
     </span>
     <span class='ocr_line' id='line_1_22' title="bbox 578 1645 2025 1699; baseline 0 -11"><span class='ocrx_word' id='word_1_152' title='bbox 578 1647 774 1699; x_wconf 84' lang='lat' dir='ltr'>animam,</span> <span class='ocrx_word' id='word_1_153' title='bbox 811 1645 1049 1687; x_wconf 88' lang='lat' dir='ltr'>firmissime</span> <span class='ocrx_word' id='word_1_154' title='bbox 1086 1650 1304 1687; x_wconf 83' lang='lat' dir='ltr'>teneamus</span> <span class='ocrx_word' id='word_1_155' title='bbox 1340 1660 1391 1687; x_wconf 87' lang='lat' dir='ltr'>cx</span> <span class='ocrx_word' id='word_1_156' title='bbox 1428 1646 1636 1688; x_wconf 87' lang='lat' dir='ltr'>catholica</span> <span class='ocrx_word' id='word_1_157' title='bbox 1673 1646 1863 1688; x_wconf 82' lang='lat' dir='ltr'>doctrina</span> <span class='ocrx_word' id='word_1_158' title='bbox 1889 1660 2025 1688; x_wconf 91' lang='lat' dir='ltr'>unum</span> 
     </span>
     <span class='ocr_line' id='line_1_23' title="bbox 576 1710 2024 1767; baseline 0.001 -14"><span class='ocrx_word' id='word_1_159' title='bbox 576 1712 715 1754; x_wconf 90' lang='lat' dir='ltr'>Deum</span> <span class='ocrx_word' id='word_1_160' title='bbox 735 1725 833 1763; x_wconf 84' lang='lat' dir='ltr'>esse,</span> <span class='ocrx_word' id='word_1_161' title='bbox 856 1725 985 1752; x_wconf 89' lang='lat' dir='ltr'>unam</span> <span class='ocrx_word' id='word_1_162' title='bbox 1003 1710 1144 1762; x_wconf 88' lang='lat' dir='ltr'>fidem,</span> <span class='ocrx_word' id='word_1_163' title='bbox 1165 1725 1297 1752; x_wconf 91' lang='lat' dir='ltr'>unum</span> <span class='ocrx_word' id='word_1_164' title='bbox 1316 1711 1525 1767; x_wconf 88' lang='lat' dir='ltr'>baptisma</span> <span class='ocrx_word' id='word_1_165' title='bbox 1547 1725 1558 1763; x_wconf 89' lang='lat'>;</span> <span class='ocrx_word' id='word_1_166' title='bbox 1580 1711 1754 1753; x_wconf 90' lang='lat' dir='ltr'>ulterius</span> <span class='ocrx_word' id='word_1_167' title='bbox 1770 1712 2024 1767; x_wconf 87' lang='lat' dir='ltr'>inquirendo</span> 
     </span>
     <span class='ocr_line' id='line_1_24' title="bbox 578 1775 2025 1832; baseline 0.001 -14"><span class='ocrx_word' id='word_1_168' title='bbox 578 1776 773 1832; x_wconf 84' lang='lat' dir='ltr'>progredi</span> <span class='ocrx_word' id='word_1_169' title='bbox 792 1776 908 1817; x_wconf 87' lang='lat' dir='ltr'>nefas</span> <span class='ocrx_word' id='word_1_170' title='bbox 927 1781 999 1817; x_wconf 87' lang='lat' dir='ltr'>est.</span> <span class='ocrx_word' id='word_1_171' title='bbox 1058 1775 1252 1817; x_wconf 73' lang='lat' dir='ltr'>Ceterum</span> <span class='ocrx_word' id='word_1_172' title='bbox 1286 1782 1410 1830; x_wconf 88' lang='lat' dir='ltr'>prout</span> <span class='ocrx_word' id='word_1_173' title='bbox 1442 1775 1659 1818; x_wconf 85' lang='lat' dir='ltr'>charitatis</span> <span class='ocrx_word' id='word_1_174' title='bbox 1691 1777 1801 1818; x_wconf 88' lang='lat' dir='ltr'>ratio</span> <span class='ocrx_word' id='word_1_175' title='bbox 1833 1777 2025 1832; x_wconf 82' lang='lat' dir='ltr'>postulat</span> 
     </span>
     <span class='ocr_line' id='line_1_25' title="bbox 580 1842 2027 1897; baseline 0 -13"><span class='ocrx_word' id='word_1_176' title='bbox 580 1843 767 1884; x_wconf 88' lang='lat' dir='ltr'>assiduas</span> <span class='ocrx_word' id='word_1_177' title='bbox 785 1842 1009 1883; x_wconf 81' lang='lat' dir='ltr'>fundamus</span> <span class='ocrx_word' id='word_1_178' title='bbox 1026 1854 1178 1897; x_wconf 75' lang='lat' dir='ltr'>preceS,</span> <span class='ocrx_word' id='word_1_179' title='bbox 1212 1846 1262 1882; x_wconf 84' lang='lat' dir='ltr'>ut-</span> <span class='ocrx_word' id='word_1_180' title='bbox 1281 1856 1423 1883; x_wconf 88' lang='lat' dir='ltr'>onmes</span> <span class='ocrx_word' id='word_1_181' title='bbox 1456 1855 1770 1897; x_wconf 87' lang='lat' dir='ltr'>quaquaversus</span> <span class='ocrx_word' id='word_1_182' title='bbox 1797 1847 1942 1897; x_wconf 84' lang='lat' dir='ltr'>gentes</span> <span class='ocrx_word' id='word_1_183' title='bbox 1970 1842 2027 1884; x_wconf 84' lang='lat' dir='ltr'>ad</span> 
     </span>
     <span class='ocr_line' id='line_1_26' title="bbox 581 1906 2025 1962; baseline 0 -13"><span class='ocrx_word' id='word_1_184' title='bbox 581 1908 793 1950; x_wconf 83' lang='lat' dir='ltr'>Christum</span> <span class='ocrx_word' id='word_1_185' title='bbox 839 1911 1149 1959; x_wconf 88' lang='lat' dir='ltr'>convertantur,</span> <span class='ocrx_word' id='word_1_186' title='bbox 1187 1907 1484 1961; x_wconf 86' lang='lat' dir='ltr'>communique</span> <span class='ocrx_word' id='word_1_187' title='bbox 1528 1906 1747 1949; x_wconf 85' lang='lat' dir='ltr'>hominum</span> <span class='ocrx_word' id='word_1_188' title='bbox 1785 1906 1909 1948; x_wconf 81' lang='lat' dir='ltr'>saluti</span> <span class='ocrx_word' id='word_1_189' title='bbox 1947 1920 2025 1962; x_wconf 91' lang='lat' dir='ltr'>pro</span> 
     </span>
     <span class='ocr_line' id='line_1_27' title="bbox 580 1972 2021 2027; baseline -0.001 -13"><span class='ocrx_word' id='word_1_190' title='bbox 580 1974 737 2015; x_wconf 87' lang='lat' dir='ltr'>viribus</span> <span class='ocrx_word' id='word_1_191' title='bbox 756 1972 1042 2024; x_wconf 85' lang='lat' dir='ltr'>inserviamus,</span> <span class='ocrx_word' id='word_1_192' title='bbox 1058 1986 1193 2027; x_wconf 87' lang='lat' dir='ltr'>neque</span> <span class='ocrx_word' id='word_1_193' title='bbox 1207 1973 1319 2014; x_wconf 89' lang='lat' dir='ltr'>enim</span> <span class='ocrx_word' id='word_1_194' title='bbox 1335 1973 1580 2015; x_wconf 88' lang='lat' dir='ltr'>abbreviata</span> <span class='ocrx_word' id='word_1_195' title='bbox 1594 1978 1655 2014; x_wconf 90' lang='lat' dir='ltr'>est</span> <span class='ocrx_word' id='word_1_196' title='bbox 1666 1986 1819 2014; x_wconf 87' lang='lat' dir='ltr'>manus</span> <span class='ocrx_word' id='word_1_197' title='bbox 1832 1973 2021 2025; x_wconf 86' lang='lat' dir='ltr'>Domini,</span> 
     </span>
     <span class='ocr_line' id='line_1_28' title="bbox 579 2036 2025 2094; baseline -0.001 -14"><span class='ocrx_word' id='word_1_198' title='bbox 579 2039 821 2094; x_wconf 77' lang='lat' dir='ltr'>gratiaeque</span> <span class='ocrx_word' id='word_1_199' title='bbox 841 2036 1026 2079; x_wconf 87' lang='lat' dir='ltr'>caelestis</span> <span class='ocrx_word' id='word_1_200' title='bbox 1045 2037 1155 2078; x_wconf 88' lang='lat' dir='ltr'>dona</span> <span class='ocrx_word' id='word_1_201' title='bbox 1173 2051 1439 2092; x_wconf 86' lang='lat' dir='ltr'>nequaquam</span> <span class='ocrx_word' id='word_1_202' title='bbox 1466 2038 1548 2079; x_wconf 88' lang='lat' dir='ltr'>illis</span> <span class='ocrx_word' id='word_1_203' title='bbox 1581 2038 1776 2079; x_wconf 81' lang='lat' dir='ltr'>defutura</span> <span class='ocrx_word' id='word_1_204' title='bbox 1805 2044 1914 2090; x_wconf 85' lang='lat' dir='ltr'>sunt,</span> <span class='ocrx_word' id='word_1_205' title='bbox 1950 2038 2025 2094; x_wconf 89' lang='lat' dir='ltr'>qui</span> 
     </span>
     <span class='ocr_line' id='line_1_29' title="bbox 579 2102 2028 2159; baseline 0.001 -14"><span class='ocrx_word' id='word_1_206' title='bbox 579 2104 656 2146; x_wconf 88' lang='lat' dir='ltr'>hac</span> <span class='ocrx_word' id='word_1_207' title='bbox 675 2104 769 2145; x_wconf 85' lang='lat' dir='ltr'>luce</span> <span class='ocrx_word' id='word_1_208' title='bbox 788 2102 964 2144; x_wconf 82' lang='lat' dir='ltr'>recreari</span> <span class='ocrx_word' id='word_1_209' title='bbox 983 2103 1139 2143; x_wconf 89' lang='lat' dir='ltr'>sincero</span> <span class='ocrx_word' id='word_1_210' title='bbox 1160 2103 1299 2144; x_wconf 85' lang='lat' dir='ltr'>animo</span> <span class='ocrx_word' id='word_1_211' title='bbox 1313 2103 1443 2144; x_wconf 75' lang='lat' dir='ltr'>velino</span> <span class='ocrx_word' id='word_1_212' title='bbox 1461 2108 1502 2144; x_wconf 89' lang='lat' dir='ltr'>et</span> <span class='ocrx_word' id='word_1_213' title='bbox 1514 2103 1738 2158; x_wconf 86' lang='lat' dir='ltr'>postulent.</span> <span class='ocrx_word' id='word_1_214' title='bbox 1769 2103 1857 2159; x_wconf 88' lang='lat' dir='ltr'>Huj</span> <span class='ocrx_word' id='word_1_215' title='bbox 1865 2104 2028 2146; x_wconf 88' lang='lat' dir='ltr'>usmodi</span> 
     </span>
     <span class='ocr_line' id='line_1_30' title="bbox 583 2168 2028 2224; baseline 0.001 -14"><span class='ocrx_word' id='word_1_216' title='bbox 583 2172 776 2212; x_wconf 85' lang='lat' dir='ltr'>veritates</span> <span class='ocrx_word' id='word_1_217' title='bbox 794 2169 1038 2224; x_wconf 81' lang='lat' dir='ltr'>defigendae</span> <span class='ocrx_word' id='word_1_218' title='bbox 1059 2168 1257 2210; x_wconf 84' lang='lat' dir='ltr'>altissime</span> <span class='ocrx_word' id='word_1_219' title='bbox 1276 2173 1372 2209; x_wconf 84' lang='lat' dir='ltr'>sunt</span> <span class='ocrx_word' id='word_1_220' title='bbox 1390 2168 1578 2210; x_wconf 83' lang='lat' dir='ltr'>fidelium</span> <span class='ocrx_word' id='word_1_221' title='bbox 1608 2169 1822 2210; x_wconf 84' lang='lat' dir='ltr'>mentibus</span> <span class='ocrx_word' id='word_1_222' title='bbox 1841 2183 1893 2210; x_wconf 85' lang='lat' dir='ltr'>ne</span> <span class='ocrx_word' id='word_1_223' title='bbox 1911 2169 2028 2211; x_wconf 86' lang='lat' dir='ltr'>falsis</span> 
     </span>
     <span class='ocr_line' id='line_1_31' title="bbox 579 2234 2029 2290; baseline -0.001 -12"><span class='ocrx_word' id='word_1_224' title='bbox 579 2236 788 2290; x_wconf 89' lang='lat' dir='ltr'>corrumpi</span> <span class='ocrx_word' id='word_1_225' title='bbox 807 2242 961 2289; x_wconf 84' lang='lat' dir='ltr'>queant</span> <span class='ocrx_word' id='word_1_226' title='bbox 982 2234 1179 2276; x_wconf 87' lang='lat' dir='ltr'>doctrinis</span> <span class='ocrx_word' id='word_1_227' title='bbox 1198 2247 1248 2275; x_wconf 90' lang='lat' dir='ltr'>eo</span> <span class='ocrx_word' id='word_1_228' title='bbox 1268 2234 1554 2288; x_wconf 80' lang='lat' dir='ltr'>spectantibus</span> <span class='ocrx_word' id='word_1_229' title='bbox 1569 2239 1617 2275; x_wconf 87' lang='lat' dir='ltr'>ut</span> <span class='ocrx_word' id='word_1_230' title='bbox 1631 2234 1843 2288; x_wconf 80' lang='lat' dir='ltr'>religionis</span> <span class='ocrx_word' id='word_1_231' title='bbox 1856 2234 2029 2276; x_wconf 86' lang='lat' dir='ltr'>foveant</span> 
     </span>
     <span class='ocr_line' id='line_1_32' title="bbox 578 2301 2028 2355; baseline -0.001 -11"><span class='ocrx_word' id='word_1_232' title='bbox 578 2302 917 2352; x_wconf 82' lang='lat' dir='ltr'>indifferentiam,</span> <span class='ocrx_word' id='word_1_233' title='bbox 957 2315 1083 2355; x_wconf 86' lang='lat' dir='ltr'>quam</span> <span class='ocrx_word' id='word_1_234' title='bbox 1122 2301 1174 2342; x_wconf 86' lang='lat' dir='ltr'>ad</span> <span class='ocrx_word' id='word_1_235' title='bbox 1212 2301 1384 2342; x_wconf 86' lang='lat' dir='ltr'>exitium</span> <span class='ocrx_word' id='word_1_236' title='bbox 1424 2301 1662 2342; x_wconf 83' lang='lat' dir='ltr'>animarum</span> <span class='ocrx_word' id='word_1_237' title='bbox 1699 2314 1862 2354; x_wconf 77' lang='lat' dir='ltr'>serpere</span> <span class='ocrx_word' id='word_1_238' title='bbox 1902 2301 2028 2343; x_wconf 69' lang='lat' dir='ltr'>latius</span> 
     </span>
     <span class='ocr_line' id='line_1_33' title="bbox 578 2368 1052 2411; baseline 0 -2"><span class='ocrx_word' id='word_1_239' title='bbox 578 2368 768 2411; x_wconf 82' lang='lat' dir='ltr'>videmus</span> <span class='ocrx_word' id='word_1_240' title='bbox 789 2382 835 2410; x_wconf 83' lang='lat' dir='ltr'>ac</span> <span class='ocrx_word' id='word_1_241' title='bbox 854 2368 1052 2410; x_wconf 77' lang='lat' dir='ltr'>roborari.</span> 
     </span>
    </p>
   </div>
   <div class='ocr_carea' id='block_1_5' title="bbox 578 2442 2029 2827">
    <p class='ocr_par' dir='ltr' id='par_1_5' title="bbox 578 2442 2029 2827">
     <span class='ocr_line' id='line_1_34' title="bbox 631 2442 2029 2500; baseline -0.001 -13"><span class='ocrx_word' id='word_1_242' title='bbox 631 2446 886 2500; x_wconf 88' lang='lat' dir='ltr'>Praecipuos</span> <span class='ocrx_word' id='word_1_243' title='bbox 946 2449 1090 2486; x_wconf 84' lang='lat' dir='ltr'>contra</span> <span class='ocrx_word' id='word_1_244' title='bbox 1147 2458 1304 2485; x_wconf 86' lang='lat' dir='ltr'>errores</span> <span class='ocrx_word' id='word_1_245' title='bbox 1349 2442 1549 2485; x_wconf 90' lang='lat' dir='ltr'>hactenus</span> <span class='ocrx_word' id='word_1_246' title='bbox 1595 2444 1817 2499; x_wconf 85' lang='lat' dir='ltr'>expositos,</span> <span class='ocrx_word' id='word_1_247' title='bbox 1874 2444 2029 2500; x_wconf 90' lang='lat' dir='ltr'>quibus</span> 
     </span>
     <span class='ocr_line' id='line_1_35' title="bbox 579 2510 2028 2566; baseline -0.001 -13"><span class='ocrx_word' id='word_1_248' title='bbox 579 2512 759 2553; x_wconf 85' lang='lat' dir='ltr'>maxime</span> <span class='ocrx_word' id='word_1_249' title='bbox 779 2511 855 2552; x_wconf 91' lang='lat' dir='ltr'>hoe</span> <span class='ocrx_word' id='word_1_250' title='bbox 875 2515 1063 2566; x_wconf 85' lang='lat' dir='ltr'>tempore</span> <span class='ocrx_word' id='word_1_251' title='bbox 1082 2515 1349 2565; x_wconf 80' lang='lat' dir='ltr'>oppugnatur</span> <span class='ocrx_word' id='word_1_252' title='bbox 1367 2510 1567 2562; x_wconf 84' lang='lat' dir='ltr'>Ecclesia,</span> <span class='ocrx_word' id='word_1_253' title='bbox 1600 2515 1782 2552; x_wconf 86' lang='lat' dir='ltr'>vestram</span> <span class='ocrx_word' id='word_1_254' title='bbox 1815 2512 2028 2565; x_wconf 86' lang='lat' dir='ltr'>opponite,</span> 
     </span>
     <span class='ocr_line' id='line_1_36' title="bbox 580 2573 2029 2631; baseline -0.001 -12"><span class='ocrx_word' id='word_1_255' title='bbox 580 2576 854 2619; x_wconf 85' lang='lat' dir='ltr'>Venerabiles</span> <span class='ocrx_word' id='word_1_256' title='bbox 887 2575 1068 2628; x_wconf 85' lang='lat' dir='ltr'>Fratres,</span> <span class='ocrx_word' id='word_1_257' title='bbox 1103 2581 1144 2617; x_wconf 85' lang='lat' dir='ltr'>et</span> <span class='ocrx_word' id='word_1_258' title='bbox 1175 2576 1377 2617; x_wconf 88' lang='lat' dir='ltr'>virtutem</span> <span class='ocrx_word' id='word_1_259' title='bbox 1411 2581 1454 2617; x_wconf 90' lang='lat' dir='ltr'>et</span> <span class='ocrx_word' id='word_1_260' title='bbox 1472 2573 1765 2626; x_wconf 85' lang='lat' dir='ltr'>constantiam,</span> <span class='ocrx_word' id='word_1_261' title='bbox 1799 2575 1853 2617; x_wconf 88' lang='lat' dir='ltr'>ad</span> <span class='ocrx_word' id='word_1_262' title='bbox 1873 2590 2029 2631; x_wconf 85' lang='lat' dir='ltr'>eosque</span> 
     </span>
     <span class='ocr_line' id='line_1_37' title="bbox 579 2640 2027 2698; baseline 0 -15"><span class='ocrx_word' id='word_1_263' title='bbox 579 2641 873 2698; x_wconf 84' lang='lat' dir='ltr'>profligandos,</span> <span class='ocrx_word' id='word_1_264' title='bbox 903 2641 1114 2696; x_wconf 86' lang='lat' dir='ltr'>planeque</span> <span class='ocrx_word' id='word_1_265' title='bbox 1134 2640 1343 2691; x_wconf 87' lang='lat' dir='ltr'>delendos,</span> <span class='ocrx_word' id='word_1_266' title='bbox 1373 2640 1564 2682; x_wconf 72' lang='lat' dir='ltr'>habeatis</span> <span class='ocrx_word' id='word_1_267' title='bbox 1583 2640 1895 2682; x_wconf 87' lang='lat' dir='ltr'>Ecclesiasticos</span> <span class='ocrx_word' id='word_1_268' title='bbox 1915 2642 2027 2683; x_wconf 76' lang='lat' dir='ltr'>viros</span> 
     </span>
     <span class='ocr_line' id='line_1_38' title="bbox 578 2705 2026 2761; baseline 0 -13"><span class='ocrx_word' id='word_1_269' title='bbox 578 2720 743 2748; x_wconf 87' lang='lat' dir='ltr'>necesse</span> <span class='ocrx_word' id='word_1_270' title='bbox 763 2711 822 2747; x_wconf 88' lang='lat' dir='ltr'>est</span> <span class='ocrx_word' id='word_1_271' title='bbox 841 2705 998 2747; x_wconf 88' lang='lat' dir='ltr'>laboris</span> <span class='ocrx_word' id='word_1_272' title='bbox 1018 2705 1147 2747; x_wconf 89' lang='lat' dir='ltr'>socios</span> <span class='ocrx_word' id='word_1_273' title='bbox 1167 2711 1208 2747; x_wconf 87' lang='lat' dir='ltr'>et</span> <span class='ocrx_word' id='word_1_274' title='bbox 1242 2706 1467 2760; x_wconf 85' lang='lat' dir='ltr'>adjutores.</span> <span class='ocrx_word' id='word_1_275' title='bbox 1524 2705 1825 2747; x_wconf 86' lang='lat' dir='ltr'>Immortaliter</span> <span class='ocrx_word' id='word_1_276' title='bbox 1854 2707 2026 2761; x_wconf 87' lang='lat' dir='ltr'>quidem</span> 
     </span>
     <span class='ocr_line' id='line_1_39' title="bbox 578 2771 2025 2827; baseline 0.001 -14"><span class='ocrx_word' id='word_1_277' title='bbox 578 2773 807 2827; x_wconf 76' lang='lat' dir='ltr'>gaudemus</span> <span class='ocrx_word' id='word_1_278' title='bbox 858 2771 1112 2814; x_wconf 87' lang='lat' dir='ltr'>catholicum</span> <span class='ocrx_word' id='word_1_279' title='bbox 1163 2771 1333 2814; x_wconf 87' lang='lat' dir='ltr'>Olerum</span> <span class='ocrx_word' id='word_1_280' title='bbox 1372 2771 1477 2813; x_wconf 89' lang='lat' dir='ltr'>nihil</span> <span class='ocrx_word' id='word_1_281' title='bbox 1521 2772 1865 2827; x_wconf 82' lang='lat' dir='ltr'>praetermittere,</span> <span class='ocrx_word' id='word_1_282' title='bbox 1918 2772 2025 2816; x_wconf 84' lang='lat' dir='ltr'>nihil</span> 
     </span>
    </p>
   </div>
   <div class='ocr_carea' id='block_1_6' title="bbox 2326 1669 2328 2272">
    <p class='ocr_par' dir='ltr' id='par_1_6' title="bbox 2326 1669 2328 2272">
     <span class='ocr_line' id='line_1_40' title="bbox 2326 1669 2328 2272; baseline 0 0"><span class='ocrx_word' id='word_1_283' title='bbox 2326 1669 2328 2272; x_wconf 95' lang='lat' dir='ltr'> </span> 
     </span>
    </p>
   </div>
  </div>
 </body>
</html>
