2312 3368
77 0 101 13 ’Ἡ
116 0 136 18 '1¹

48 20 54 28 ι
72 35 83 42 A
129 27 130 31 ,

147 0 167 29 ’τ

592 370 656 417 98
1183 385 1454 419 aprunum.

643 483 795 542 Neque
835 500 933 528 vero
970 485 1287 530 deliberandum
1323 487 1417 537 fuit,
1465 487 1586 543 cujus
1622 486 1887 543 potissimum
1926 486 2044 530 adhi-

588 552 768 593 beamus
786 552 1067 608 patrocinium
1088 553 1200 608 apud
1220 553 1434 595 caelestem
1470 558 1635 608 patrem
1665 554 1884 606 luminum,
1919 559 1966 595 ut
1994 568 2046 596 eo·

589 616 821 671 adjuvante
842 616 1001 672 alloqui
1022 617 1110 659 Vos
1128 619 1342 660 fructuose
1357 618 1568 672 possimus
1588 631 1598 670 ;
1636 618 1844 673 siquidem
1865 631 1961 660 cum
1991 632 2042 660 ea

591 681 645 723 de
679 695 805 723 causa
839 683 951 737 apud
979 681 1071 724 Nos
1107 683 1399 734 conveneritis,
1437 687 1484 723 ut
1521 683 1853 738 conspirantibus
1892 682 2046 724 animis

591 747 745 801 studia,
779 761 985 803 curasque
1018 748 1297 790 conferremus
1328 748 1626 803 amplificando
1657 748 1807 790 honori
1839 753 2048 803 augustae

589 811 817 854 Genitricis
871 810 952 854 Dei
1014 811 1190 863 Mariae,
1255 812 1571 854 Sanctissimam
1623 812 1764 868 ipsam
1818 811 2041 866 Virginem

589 876 834 931 Sapientiae
864 876 1014 918 Sedem
1045 877 1100 918 ab
1130 876 1316 919 Ecclesia
1345 883 1635 932 nuncupatam
1663 877 1824 918 iteratis
1847 877 2043 932 precibus

590 942 912 993 obsecravimus,
953 947 1000 983 ut
1037 943 1259 997 impetrare
1295 942 1432 984 Nobis
1469 943 1635 984 radium
1672 943 1775 984 velit
1811 943 2046 999 sapientiae

590 1007 794 1058 caelestis,
829 1020 913 1061 qua
945 1006 1174 1049 collustrati
1206 1021 1254 1048 ea
1279 1006 1412 1049 Vobis
1444 1008 1680 1062 loquamur,
1716 1021 1826 1062 quae
1857 1012 1899 1049 et
1932 1008 2043 1048 inco-

588 1071 775 1113 lumitati
831 1077 873 1113 et
917 1072 1161 1126 prosperita
1227 1072 1437 1114 Ecclesiae
1482 1073 1565 1114 Dei
1620 1073 1903 1128 maximopere
1959 1073 2043 1114 sint

588 1136 821 1192 profutura.
877 1135 978 1177 Jam
1035 1150 1133 1179 vero
1185 1151 1236 1179 ex
1280 1137 1361 1180 hac
1408 1144 1626 1193 tamquam
1682 1152 1777 1179 arce
1830 1138 2042 1192 religionis

589 1201 849 1242 intuentibus
884 1199 1021 1243 Nobis
1059 1215 1244 1243 errorum
1280 1207 1477 1253 mons-tra,
1527 1216 1635 1257 quae
1673 1216 1755 1257 per
1786 1203 2041 1244 catholicum

590 1268 734 1310 orbem
771 1266 851 1309 hac
888 1266 1135 1310 difficillima
1163 1273 1299 1310 aetate
1328 1274 1583 1321 grassantur,
1622 1268 1729 1309 nihil
1763 1268 2042 1323 opportunius

590 1332 727 1373 visum
746 1336 808 1374 est
827 1346 953 1387 quam
973 1332 1048 1374 illa
1068 1332 1205 1375 Vobis
1223 1333 1425 1386 indicare,
1455 1339 1503 1375 ut
1536 1334 1592 1374 ad
1622 1333 1774 1375 eadem
1792 1333 2044 1375 debellanda

589 1396 700 1438 vires
747 1396 925 1438 exeratis
970 1401 1140 1451 vestras,
1189 1396 1465 1440 Venerabiles
1511 1397 1691 1451 Fratres,
1739 1401 1813 1453 qui
1849 1397 2047 1440 custodes·

588 1461 817 1518 praepositi
837 1461 946 1514 estis,
967 1467 1008 1504 et
1027 1461 1308 1518 speculatores
1326 1463 1471 1505 domui
1489 1462 1636 1504 Israel,

644 1538 834 1580 Existere
866 1538 989 1579 etiam
1024 1552 1135 1581 nunc
1168 1538 1397 1581 dolendum
1427 1545 1489 1581 est
1517 1539 1695 1594 impum
1730 1538 2042 1581 incredulorum

590 1618 735 1660 genus,
783 1604 857 1659 qui
903 1617 1071 1646 omnem
1116 1605 1151 1647 si
1197 1604 1287 1646 fieri
1332 1610 1471 1660 posset
1517 1605 1839 1646 exterminatum
1886 1604 2043 1646 vellent

588 1670 802 1726 religionis
823 1669 995 1723 cultum,
1027 1670 1167 1726 eisque
1199 1671 1504 1712 adnumera-ndi
1529 1671 1735 1725 imprimis
1763 1675 1860 1711 sunt
1878 1669 2040 1712 clande-

591 1736 797 1778 stinarum
835 1736 1082 1778 societatum
1118 1736 1319 1792 gregales,
1360 1737 1433 1792 qui
1470 1736 1630 1778 nefario
1667 1736 1776 1777 inter
1803 1750 1845 1777 se
1871 1735 2039 1777 foedere

591 1801 805 1857 conjuncti
837 1801 975 1843 nullas
1007 1815 1092 1843 non
1123 1801 1324 1844 adhibent
1355 1809 1477 1854 artes,
1516 1807 1564 1843 ut
1603 1802 1839 1857 quibusque
1875 1801 2044 1843 violatis

586 1869 753 1925 juribus
799 1881 886 1909 rem
923 1874 964 1909 et
1002 1881 1159 1909 sacram
1198 1873 1239 1909 et
1274 1867 1488 1923 publicam
1526 1867 1782 1922 perturbent,
1821 1871 2046 1918 evertant·,

591 1935 636 1975 in
657 1947 759 1988 quos
778 1933 960 1987 profecto
980 1933 1109 1974 verba
1127 1932 1201 1974 illa
1220 1934 1374 1975 cadunt
1395 1933 1527 1974 divini
1549 1932 1816 1988 Reparatoris
1845 1935 1869 1956 ‘⁴
1891 1947 1964 1974 vos
1993 1945 2045 1974 ex

590 2004 709 2055 patre
728 1998 895 2040 diabolo
915 1998 1025 2048 estis,
1046 2002 1086 2039 et
1104 2012 1232 2053 opera
1252 1998 1381 2053 patris
1401 1998 1529 2040 vestri
1550 1998 1676 2039 vultis
1694 1998 1845 2040 faeere.
1869 1997 1893 2018 ”
1951 1997 2044 2039 Hos

593 2065 630 2107 si
676 2064 948 2118 excipiamus,
1005 2064 1224 2105 fatendum
1270 2069 1331 2106 est
1377 2064 1606 2119 praesentis
1652 2064 1801 2105 aetatis
1855 2063 2044 2105 homines

593 2129 827 2185 generatim
865 2128 1089 2170 abhorrere
1122 2130 1176 2171 ab
1195 2129 1504 2171 incredulorum
1538 2130 1756 2184 pravitate,
1800 2135 1840 2170 ct
1872 2129 2046 2171 inclina-

592 2196 751 2237 tionem
790 2194 1019 2249 quamdam
1057 2196 1290 2235 animorum
1330 2195 1544 2236 ostendere
1574 2208 1673 2250 erga
1716 2194 1961 2250 religionem
2000 2199 2045 2235 et

593 2260 735 2302 fidem.
795 2260 893 2301 Sive
912 2260 1024 2301 enim
1044 2259 1273 2302 facinorum
1306 2261 1361 2301 ob
1393 2260 1666 2311 atrocitatem,
1699 2274 1807 2315 quae
1840 2260 2045 2315 superiori

593 2324 843 2381 praesertim
888 2324 1053 2365 saeculo
1098 2329 1336 2379 perpetrata
1382 2324 1604 2366 incredulis
1658 2324 1882 2366 tribuenda
1934 2330 2044 2375 sunt,

596 2403 788 2446 quaeque
835 2389 998 2431 animus
1045 2390 1280 2432 meminisse
1325 2390 1580 2442 reformidat,
1636 2390 1724 2432 sive
1770 2391 1823 2432 ob
1884 2396 2044 2432 metum

596 2455 848 2498 seditionum
895 2469 943 2496 ac
991 2455 1262 2508 tumultuum,
1321 2455 1394 2510 qui
1441 2455 1722 2497 miserandum
1771 2456 1814 2496 in
1871 2455 2045 2497 modum

595 2521 852 2571 convellunt,
872 2519 1075 2562 afflictant
1094 2520 1282 2562 nationes
1313 2525 1355 2562 et
1388 2534 1532 2576 regna,
1579 2521 1667 2563 sive
1698 2521 1881 2576 denique
1912 2521 2046 2562 divini

596 2586 778 2642 Spiritus
816 2599 952 2640 opera,
992 2585 1064 2641 qui
1102 2585 1232 2641 spirat
1266 2586 1340 2627 ubi
1374 2586 1479 2639 vult,
1500 2585 1771 2627 imminutum
1805 2600 1894 2636 csse
1931 2591 2050 2642 patet

595 2651 855 2707 perditorum
875 2663 1110 2703 numerum,
1144 2650 1217 2704 qui
1246 2650 1540 2692 incredulitate
1565 2664 1607 2692 se
1628 2650 1792 2707 jactent
1811 2657 1851 2692 et
1871 2650 2051 2706 glorien-

597 2722 698 2769 tur;
737 2721 879 2758 contra
919 2729 1018 2757 vero
1055 2715 1340 2758 commendari
1378 2716 1570 2757 audimus
1606 2716 1816 2758 interdum
1851 2716 1964 2758 vitae
2001 2715 2055 2758 ac'

599 2796 761 2824 morum
782 2781 1055 2834 honestatem,
1075 2781 1390 2837 excitatumque
1409 2786 1622 2837 praeterea
1636 2782 1828 2824 novimus
1843 2782 1888 2823 in
1901 2782 2056 2823 animis
