2312 3384
59 1183 62 1204 ι

60 1213 64 1222 s

59 1240 79 1262 5

57 1283 76 1301 .

55 1307 76 1337 2

55 1335 76 1372 ἰ

60 1419 62 1431 l

654 357 742 401 120
1044 367 1206 400 mnnx
1240 366 1305 399 m·
1339 365 1471 398 enno
1504 365 1698 399 RERUM.

644 472 821 504 Decretum
837 471 908 503 XV.
932 470 979 502 De
996 470 1204 502 invocatione
1220 472 1252 501 et
1265 469 1478 501 veneratione
1493 468 1530 499 Β.
1547 468 1589 500 Μ.
1604 468 1644 500 V.
1660 468 1885 501 Immaculatae
1892 489 1991 501 ........
2035 471 2074 501 58

646 534 823 565 Decretum
839 533 924 564 XVI.
949 533 995 564 De
1011 532 1190 564 indictione
1205 531 1308 562 futuri
1324 530 1464 563 Goncilii
1486 531 1703 563 Provincialis
1710 553 1991 564 .....................
2039 535 2078 563 60

646 598 822 629 Decretum
840 597 942 628 XVII.
967 597 1014 628 De
1031 596 1094 627 fine
1111 595 1252 628 Concilii
1258 617 1994 627 .....................................................
2039 599 2076 627 61

645 661 818 693 Decretum
835 660 1095 701 Subscriptionis
1098 680 1989 691 ...............................................................
2016 660 2089 693 ibid.

646 878 765 909 Petitio
780 877 946 908 variarum
962 876 1159 908 facultatum
1175 878 1208 907 et
1223 875 1405 916 gratiarum
1412 897 1989 908 ..........................................
2037 880 2077 908 63

645 943 794 983 Epistola.
809 943 943 973 Patrum
959 941 1099 973 Concilii
1115 950 1182 972 une.
1198 950 1272 972 cum
1287 940 1435 972 Decretis
1451 941 1492 971 ad
1518 940 1552 972 S.
1570 941 1762 973 Pontificem
1788 941 1994 973 missa........
2038 944 2079 974 64

644 1006 695 1037 Pii
711 1007 819 1046 Papae
834 1005 880 1036 IX
896 1005 1039 1037 Litterae
1055 1005 1098 1036 ad
1113 1004 1291 1045 Episcopos
1308 1004 1516 1036 Canadenses
1538 1014 1636 1045 super
1651 1006 1735 1037 actis
1752 1005 1840 1037 tertii
1857 1005 1996 1038 Concilii

770 1070 989 1108 Quebecensie
1002 1090 1866 1101 .............................................................
1877 1093 1880 1097 .
1888 1092 1990 1101 ........
2039 1073 2079 1102 66

645 1135 776 1166 Litterae
800 1134 834 1166 S.
859 1134 893 1165 C.
918 1134 958 1165 de
982 1134 1017 1165 P.
1044 1133 1079 1165 F.
1108 1142 1207 1173 super
1237 1133 1474 1174 approbatione
1505 1134 1719 1166 Decretorum
1740 1134 1829 1166 tertii
1852 1135 1993 1167 Concilii

770 1198 990 1236 Quebecensis
1003 1219 1990 1231 ........................................................................
2037 1203 2077 1231 69

642 1264 816 1295 Decretum
832 1262 866 1295 S.
883 1263 918 1295 C.
931 1262 972 1294 de
988 1262 1024 1293 P.
1040 1262 1075 1294 F'.
1092 1271 1150 1303 pro
1175 1263 1389 1294 Decretorum
1408 1262 1645 1302 approbatIono
1653 1285 1989 1295 .........................
2037 1264 2077 1295 74

643 1328 818 1360 Decretum
835 1327 869 1359 S.
886 1327 921 1359 C.
938 1327 979 1358 de
994 1327 1031 1358 P.
1048 1326 1083 1357 F.
1099 1335 1158 1367 pro
1175 1326 1388 1358 concessione
1415 1326 1586 1358 facultatis
1611 1327 1828 1359 benedicendi
1854 1328 1990 1368 nuptiae

791 1396 862 1423 xtra
879 1391 1013 1422 missam
1019 1411 1989 1422 ......................................................................
2038 1390 2077 1422 '75

644 1454 818 1486 Decretum
835 1452 869 1485 S.
886 1453 921 1485 Ο.
944 1453 985 1485 de
1012 1453 1048 1484 P.
1075 1453 1111 1484 F.
1139 1462 1199 1492 pro
1229 1443 1440 1484 conceeeione
1462 1452 1681 1492 quarumdam
1707 1452 1993 1493 Indulgentiarum
2038 1454 2078 1485 76

644 1517 776 1549 Litterae
793 1517 827 1549 S.
843 1516 879 1549 G.
896 1517 936 1549 de
952 1516 988 1548 P.
1013 1516 1048 1548 F.
1074 1517 1113 1548 de
1140 1516 1295 1548 Methodo
1322 1516 1484 1548 servanda
1510 1516 1544 1547 in
1571 1516 1732 1548 electione
1757 1514 1993 1557 Episcoporum

769 1580 968 1612 Dioecesium
984 1580 1166 1612 Provinciae
1183 1580 1406 1618 Quebeceneis
1414 1602 1987 1613 ..........................................
2035 1582 2075 1613 78

642 1646 815 1679 Methodue
831 1647 865 1678 in
891 1647 1052 1679 electione
1079 1646 1317 1687 Episcoporum
1345 1646 1543 1678 Dioeceeium
1570 1647 1804 1679 foederatarum
1831 1647 1992 1680 Americae

769 1710 1042 1751 Septentrionalis
1058 1711 1309 1742 Provinciurum
1331 1711 1492 1742 servanda
1499 1732 1989 1743 ...................................
2036 1715 2077 1744 80

643 1775 800 1806 Notionee
816 1784 855 1806 ac
871 1774 1076 1812 Quaestiones
1093 1774 1181 1806 circa
1196 1774 1374 1815 qua1itates
1390 1784 1462 1814 quae
1478 1775 1672 1807 necessariae
1700 1780 1778 1807 sunt
1802 1776 1835 1807 iu
1859 1785 1989 1816 promo-

766 1837 881 1868 vendis
898 1837 939 1868 ad
956 1836 1150 1877 Episcopale
1167 1845 1287 1868 munus
1310 1846 1349 1868 nc
1366 1837 1559 1877 dignitatem
1566 1859 1985 1870 .............................
2034 1842 2074 1870 89

640 1900 786 1940 Epistola
802 1901 936 1932 Petrum
953 1900 1094 1932 Concilii
1109 1900 1191 1932 Eme
1208 1900 1305 1932 card.
1323 1900 1362 1932 X.
1379 1900 1490 1932 Riurio
1506 1901 1622 1932 Sforza
1625 1923 1985 1934 ..........................
2032 1906 2073 1934 90
2108 1930 2110 1933 .

640 1964 822 2004 Responsio
846 1964 1028 1995 Cardinnlis
1036 1986 1985 1998 .................................................................
2035 1969 2075 1998 93

1165 2077 1569 2109 APPENDIX

642 2180 811 2211 Allocutio
827 2179 886 2211 SS.
903 2179 941 2210 D.
958 2179 996 2210 N.
1013 2179 1063 2210 Pii
1079 2179 1176 2220 Pup-te
1194 2179 1238 2210 IX
1255 2180 1288 2210 in
1305 2179 1509 2212 Gensietorio
1526 2183 1544 2211 9
1559 2180 1746 2213 Decembris
1762 2183 1840 2212 1854
1854 2181 1988 2214 habite..
2034 2185 2073 2214 97

641 2243 807 2275 Allocutio
824 2242 883 2274 SS.
900 2243 938 2275 D.
956 2242 995 2275 N.
1013 2243 1062 2274 Pii
1079 2243 1177 2284 Pupae
1193 2243 1239 2274 IX
1256 2243 1290 2274 in
1306 2243 1513 2275 Consistorio
1530 2247 1548 2275 9
1564 2244 1657 2276 Junii
1680 2247 1759 2276 1862
1777 2246 1985 2278 habita.......
2014 2249 2074 2278 106

642 2309 825 2349 Responsio
842 2308 927 2339 Illmi
943 2308 1231 2340 Administrutoris
1254 2308 1508 2340 Archidioecesis
1536 2308 1757 2347 Quebecensis
1783 2311 1825 2342 ad
1850 2310 1990 2343 Litteras

768 2372 840 2403 Emi
857 2372 952 2404 Card.
971 2372 1121 2404 Barnebo
1137 2381 1235 2413 super
1250 2372 1488 2413 approbatione
1506 2373 1717 2406 Decretorum
1735 2374 1986 2406 Concilii.........
2017 2378 2075 2406 115

698 2851 734 2921 5
752 2855 790 2922 9
807 2854 897 2943 41(
919 2837 1012 2925 ’θ
