2356 3368
1035 327 1369 398 novaturus.
1391 363 1468 398 m.
1912 352 1970 399 21

910 464 1045 515 Nona
1071 467 1377 532 congregatio
1391 469 1584 532 privata.

599 582 741 631 Feria
791 582 1012 633 secunda
1054 584 1180 634 infra
1222 585 1465 634 Octavam
1511 585 1849 642 Ascensionis,
1891 584 1972 635 die

533 665 731 715 decima
786 673 959 717 octava
1011 668 1150 725 Maii,
1203 668 1320 718 hora
1364 684 1497 718 noua
1540 676 1656 718 ante
1703 669 1972 727 meridiem,

533 751 843 800 conveniunt
859 752 1041 800 Patres·

597 838 849 901 Leguntur
868 844 918 888 et
942 837 1266 888 admittuntur
1300 846 1413 888 acta
1448 839 1659 888 duarum
1697 840 1974 903 Congrega·

532 921 728 971 tionum
750 923 1052 986 privatarum
1074 923 1175 972 diei
1196 923 1533 987 praecedentis.

599 1005 887 1069 Proponitur
927 1014 977 1055 et
1020 1006 1295 1057 admittitur
1326 1007 1573 1069 quoddam
1603 1009 1870 1057 Decretum
1912 1007 1973 1058 de

534 1089 896 1154 supplicatione
939 1106 1025 1153 pro
1068 1090 1299 1139 methodo
1344 1090 1585 1139 servanda
1628 1092 1682 1140 in
1727 1092 1972 1141 electione

532 1175 888 1240 Episcoporum
933 1175 1233 1224 Dioecesium
1290 1175 1560 1225 Provinciae
1604 1176 1972 1226 Ecclesiasticae

534 1259 890 1317 Quebecensis,
943 1265 994 1308 et
1045 1259 1258 1308 mittitur
1301 1257 1362 1306 ad
1405 1259 1854 1321 congregationem
1907 1259 1968 1309 de

532 1343 768 1394 Decretis.

596 1429 867 1478 Discutitur
941 1434 991 1476 et
1055 1427 1335 1477 admittitur
1387 1428 1594 1492 supplex
1638 1428 1874 1485 Libellus,
1907 1428 1970 1477 ad

532 1513 798 1561 Summum
848 1511 1144 1561 Pontificem
1198 1511 1474 1569 mittendus,
1539 1526 1806 1575 proponens
1848 1511 1973 1561 duas

531 1596 794 1647 methodos
824 1612 908 1659 pro
939 1596 1181 1645 electione
1217 1596 1574 1659 Episcoporum
1610 1596 1661 1644 in
1696 1595 1973 1659 supradicta

532 1681 811 1730 Provincia.
985 1685 988 1688 ’

600 1765 759 1814 Variae
782 1765 1080 1827 quaestiones
1102 1763 1163 1813 de
1185 1764 1454 1814 Missarum
1477 1763 1888 1821 retributionibus,
1922 1770 1973 1814 et

524 1850 717 1913 juribus
738 1850 1034 1906 casualibuS,
1055 1850 1325 1913 praesertim
1367 1865 1449 1912 pro
1470 1850 1686 1907 vicariis,
1710 1851 1972 1899 mittuntur

531 1935 595 1984 ad
617 1935 1060 1997 Congregationem
1085 1933 1147 1983 de
1169 1934 1404 1997 Liturgia.

595 2022 798 2084 Legitur
837 2028 886 2070 et
920 2020 1198 2070 admittitur
1229 2022 1511 2077 Decretum,
1554 2029 1602 2069 et
1635 2036 1888 2078 renovans,
1921 2027 1971 2069 et

530 2106 828 2155 confirmans
871 2107 1081 2154 Decreta
1124 2105 1335 2154 duorum
1376 2107 1586 2168 priorum
1630 2106 1969 2155 Conciliorum

533 2192 806 2241 Provinciae
864 2192 1214 2249 Quebecensis,
1264 2192 1472 2240 relatum
1511 2207 1541 2240 a
1579 2192 1970 2254 congregatione

530 2276 593 2325 de
611 2276 847 2333 Decreti8‚
868 2282 919 2325 et
936 2276 1165 2324 statuitur
1179 2275 1272 2324 hoc
1291 2277 1558 2325 Decretum
1576 2275 1842 2337 legendum
1857 2291 1966 2325 esse

530 2362 586 2411 in
610 2361 833 2424 sequenti
855 2361 1245 2424 congregatione
1268 2360 1502 2422 generali,
1521 2367 1569 2409 et
1601 2361 1657 2408 in
1679 2359 1897 2409 secunda
1922 2367 1971 2409 et

530 2447 709 2496 ultima
735 2446 985 2495 Sessione.

593 2532 796 2594 Legitur
817 2538 865 2581 et
886 2531 1147 2580 discutitur
1180 2531 1328 2594 prima
1364 2531 1535 2580 relatio
1558 2530 1967 2593 congregatio-nis

532 2615 594 2665 de
619 2617 853 2666 Doctrina
875 2632 1020 2679 super
1046 2615 1205 2664 Usura.

598 2701 734 2750 Hora
755 2700 1025 2750 undecima
1048 2716 1167 2749 cum
1181 2700 1335 2748 tribus
1353 2700 1721 2762 quadrantibuS‚
1737 2701 1973 2752 recedunt

534 2786 717 2835 Patres.

2306 2633 2327 2849 μὟ-ῷ-ας--εςῦ
2305 2423 2321 2619 ..he-‘wqq-jv‘
2310 2402 2314 2408 -
2309 2332 2322 2369 ³⁷,
2308 2256 2318 2317 ,ww
2303 2157 2323 2230 ’ές-τ.-
2305 2108 2317 2132 ὲ.
2307 2085 2316 2095 -.
2304 2046 2317 2067 22:
2311 2017 2314 2022 ψ
2311 1986 2318 2002 ‚
2309 1947 2317 1961 ι.
2316 1912 2319 1930 ἢ
2304 1832 2319 1878 ->*
2305 1808 2309 1819 ⁷

2330 2248 2336 2252 ι
2336 2043 2343 2046 y
2327 1979 2337 1990 ι’
