2356 3368
448 370 509 417 20
861 381 1139 416 concitum
1164 381 1496 422 aasumensi:

449 486 660 550 septima
678 485 817 542 Maii,
834 484 952 533 hora
969 490 1144 534 octava
1162 492 1277 534 ante
1293 484 1568 542 meridiem,
1586 485 1890 535 conveniunt

448 571 635 620 Patres.

512 669 751 719 Statuitur
791 668 999 716 missam
1055 669 1330 717 solemnem
1377 668 1722 718 celebrandam
1765 685 1890 726 esse,

448 754 567 804 feria
612 760 799 816 quarta,
844 752 921 801 die
964 753 1208 814 vigesima
1244 755 1432 802 mensis
1476 755 1730 811 currentis,
1773 754 1891 803 hora

450 838 662 901 septima
695 852 805 886 cum
842 836 1064 893 dimidia,
1099 851 1184 900 pro
1220 836 1464 886 defunctis
1487 838 1744 902 Episcopis
1779 838 1890 886 Pro-

448 923 626 972 vinciae
665 915 1028 971 Ecclesiasticae
1052 920 1408 978 Quebeccnsis‚
1447 929 1494 971 et
1535 922 1807 971 secundam
1841 929 1892 971 et

452 1006 683 1055 ultimam
727 1004 1010 1054 Sessionem
1056 1004 1272 1052 Concilii
1315 1005 1597 1055 habendam
1631 1022 1755 1064 esse,
1808 1006 1888 1056 die

450 1091 638 1139 Octava
660 1089 1001 1146 Ascensionis,
1025 1089 1142 1138 feria
1165 1090 1351 1151 quinta,
1375 1090 1451 1137 die
1476 1091 1720 1153 vigesima
1738 1091 1890 1154 prima

447 1174 587 1223 Maii.

508 1259 847 1321 Proponuntur
891 1257 1056 1306 media
1094 1256 1158 1307 ad
1192 1258 1492 1321 augendum,
1525 1258 1891 1322 fovendumque

448 1343 673 1406 quaedam
726 1359 875 1406 opera
926 1342 1022 1406 pia,
1073 1343 1209 1391 verbi
1247 1344 1420 1405 gratia,
1482 1344 1892 1408 Propagationem

449 1426 602 1484 Fidei,
625 1426 901 1477 Denarium
925 1425 1092 1475 Sancti
1121 1426 1265 1475 Petri.

508 1522 755 1581 Quaedam
778 1522 1077 1584 quaestiones
1100 1521 1162 1571 de
1186 1522 1281 1570 hac
1306 1522 1516 1572 materia
1539 1521 1809 1571 referuntur
1829 1520 1894 1571 ad

447 1609 894 1672 Congregationem
913 1607 974 1656 de
999 1607 1291 1671 Disciplina.

509 1705 645 1753 Hora
668 1720 797 1754 nona
822 1720 938 1753 cum
963 1704 1247 1767 quadrante,
1268 1703 1501 1754 recedunt
1523 1704 1707 1753 Patres·

813 1899 984 1947 Octava
1011 1899 1316 1963 Congregatio
1335 1899 1525 1962 privata.

521 2039 712 2089 Eadem
750 2037 848 2095 die,
892 2037 1010 2086 hora
1044 2044 1210 2099 quarta
1246 2052 1364 2085 curn
1403 2035 1609 2085 dimidia
1647 2043 1757 2099 post
1795 2052 1898 2086 me-

458 2125 646 2181 ridiem,
668 2122 973 2173 conveniunt
995 2122 1179 2170 Patres.

520 2219 720 2282 Legitur
741 2223 793 2266 et
813 2216 1090 2266 admittitur
1126 2216 1333 2264 formula
1369 2216 1667 2266 Litterarum
1701 2233 1732 2266 a
1764 2219 1899 2268 Rmis

460 2304 562 2352 DD.
575 2304 804 2352 Patribus
820 2300 1035 2350 Concilii
1049 2301 1256 2349 Summo
1273 2300 1499 2349 Pontifici
1514 2301 1898 2352 scribendarum.

523 2401 814 2463 Proponitur
829 2404 878 2446 et
898 2397 1162 2446 discutitur
1184 2396 1360 2444 modus
1382 2396 1597 2459 eligendi
1616 2397 1899 2462 Episcopus.

525 2494 816 2558 Proponitur
865 2497 914 2540 et
968 2491 1232 2540 discutitur
1284 2491 1618 2554 opportunitas
1681 2493 1902 2556 erigendi

464 2580 681 2646 capitula
724 2578 804 2626 vel
848 2577 1062 2625 concilia
1117 2576 1169 2624 in
1233 2576 1409 2638 quavis
1473 2575 1686 2625 Dioecesi
1753 2578 1902 2640 hujus

464 2664 729 2716 Provinciae
753 2662 1138 2717 Ecclesiasticae,
1172 2660 1258 2709 ubi
1280 2676 1381 2708 non
1397 2660 1503 2722 jam
1526 2661 1761 2711 existunt.

528 2760 663 2809 Hora
685 2762 828 2808 sexta
849 2771 965 2805 cum
990 2753 1211 2812 dimidia,
1233 2753 1468 2803 recedunt
1486 2754 1668 2802 Patres.
