2396 3448
88 484 175 528 aut

33 573 173 612 ·rtur-

36 656 171 695 nten-

26 733 172 780 flluti

33 816 171 873 itate,

22 934 33 955 ,
73 915 170 946 ser·

62 990 169 1032 tam

17 1097 19 1104 ›
41 1069 169 1116 erint

25 1161 166 1201 entes

25 1239 164 1286 nimo

12 1462 93 1510 iod
119 1463 163 1510 si

6 1547 164 1604 edere,

34 1632 159 1679 nulli

0 1732 161 1765 lovum

0 1819 161 1864 imque

0 1929 1 1933 ,
26 1889 159 1936 illius

0 2125 158 2173 *ilium

0 2229 3 2249 e
46 2210 159 2256 obe-

0 2294 160 2351 fuerit,

2 2395 159 2434 usam,

0 2480 161 2525 isuper

4 2566 68 2604 m,
105 2550 154 2597 in

6 2641 156 2682 statu·

1004 396 1336 433 Pnovnrcum
1359 400 1437 434 111.

1028 549 1303 583 DECRETUM
1339 552 1413 583 111.

970 647 1045 695 De
1063 649 1472 713 prrffessionefidei.

561 765 709 819 Cum,
727 764 870 826 juxta
895 765 1241 821 Tridentinnm
1266 767 1566 824 Concilium,
1590 768 1714 818 fides
1739 771 1938 821 initium

497 849 560 897 sit
584 856 632 897 et
656 848 1034 898 fundamentum
1060 851 1249 907 salutis,
1273 859 1416 914 atque
1441 854 1562 901 inter
1583 870 1754 903 omnes
1778 864 1937 918 pasto-

496 932 612 980 ralis
635 932 783 981 officii
807 933 1181 990 sollicitudines,
1206 935 1290 982 illa
1316 936 1627 997 potissimum
1655 944 1808 999 prima
1830 958 1939 989 esse

496 1017 691 1073 debeat,
737 1024 790 1065 ut
833 1017 952 1065 fides
991 1019 1250 1074 catholica,
1296 1036 1447 1081 quam
1492 1022 1673 1069 Sancta
1720 1023 1940 1074 Romana

496 1104 723 1152 Ecclesia
748 1110 884 1152 tenet
907 1111 955 1153 et
989 1105 1119 1161 colit,
1157 1106 1434 1168 incorrupta
1468 1107 1519 1155 in
1560 1108 1654 1155 hac
1684 1109 1939 1159 Provincia

495 1188 778 1250 integraque
801 1195 1101 1250 permaneat,
1124 1195 1172 1237 et
1196 1205 1369 1237 omnes
1400 1191 1535 1239 illam
1572 1208 1744 1254 puram
1780 1193 1937 1243 illiba-

495 1280 698 1334 tamque
722 1273 999 1321 custodinnt
1024 1289 1036 1330 ;
1071 1273 1186 1330 Nos,
1210 1275 1261 1321 in
1288 1274 1380 1322 hac
1406 1277 1603 1338 Synodo
1628 1278 1938 1337 Provinciali,

495 1356 613 1405 hinc
649 1358 891 1419 praecipue
925 1357 1274 1406 exordiendum
1315 1359 1565 1417 duximus,
1619 1368 1671 1409 ut
1710 1364 1940 1413 eamdem

497 1449 729 1490 sanctam
753 1448 801 1490 et
826 1441 1125 1490 catholicam
1150 1442 1299 1490 fidem
1334 1459 1485 1504 quam
1509 1444 1651 1493 corde
1689 1448 1937 1496 credimus

494 1542 596 1575 una
619 1526 715 1573 oris
738 1527 1049 1574 consessione
1072 1526 1395 1588 profiteamur.
1452 1528 1695 1584 Quocirca
1717 1530 1938 1590 ejusdem

496 1611 794 1659 sacrosancti
830 1611 1126 1659 oecumenici
1168 1611 1379 1658 Concilii
1419 1612 1692 1660 Tridentini
1730 1613 1938 1663 decretis

493 1698 796 1753 insistentes,
835 1697 1182 1760 professionem
1221 1696 1352 1753 fidei,
1389 1714 1418 1745 a
1452 1697 1542 1745 Pio
1586 1697 1656 1745 IV
1702 1699 1936 1748 Pontifice

494 1782 719 1830 Maximo
741 1781 1090 1844 praescriptam,
1114 1782 1176 1829 ab
1200 1781 1432 1828 omnibus
1466 1787 1513 1828 et
1538 1781 1749 1841 singulis
1784 1782 1936 1830 Reve-

493 1867 804 1914 rendissimis
829 1866 1098 1928 Episcopis,
1133 1867 1187 1913 in
1223 1865 1313 1913 hac
1353 1865 1553 1929 Synodo
1595 1865 1937 1925 insidentibus,

493 1954 669 2015 quibus
708 1951 886 2001 eadem
924 1961 999 1999 est
1038 1951 1194 2013 prima
1229 1952 1280 1998 in
1317 1967 1413 2012 qua
1459 1951 1552 2014 ipsi
1599 1952 1936 2012 interfuerunt,

492 2039 657 2101 palam
703 2054 759 2085 ac
804 2037 1000 2100 publice
1055 2035 1374 2083 emittendam
1430 2035 1736 2084 decernimus
1790 2047 1935 2100 atque

494 2123 808 2171 mandamus.

992 2249 1039 2297 F
1037 2267 1155 2296 orma
1175 2250 1430 2312 juramenti.

553 2371 659 2432 Ego
682 2371 741 2416 N.
766 2371 905 2417 firma
930 2368 1026 2416 fide
1048 2366 1206 2422 credo,
1230 2372 1277 2414 et
1311 2367 1531 2429 profiteor
1554 2367 1724 2413 omnia
1750 2374 1797 2414 et
1831 2369 1929 2416 sin-

489 2455 617 2516 gula,
641 2469 747 2515 quae
770 2453 1086 2500 continentur
1107 2452 1159 2498 in
1184 2451 1415 2512 Symbolo
1439 2450 1593 2504 Fidei,
1627 2465 1722 2510 quo
1756 2459 1929 2501 sancta

490 2538 715 2586 Romana
741 2538 967 2585 Ecclesia
1003 2534 1189 2591 utitur3
1226 2534 1470 2588 videlicet,
1508 2532 1662 2580 Credo
1694 2534 1745 2580 in
1772 2551 1928 2584 unum

488 2626 668 2679 Deum,
687 2624 880 2671 Patrem
901 2622 1309 2682 omnipotentem,
1331 2620 1559 2666 factorem
1580 2620 1692 2665 coeli
1712 2626 1760 2666 et
1778 2628 1926 2677 terrae,

486 2708 754 2755 visibilium
792 2706 1037 2761 omnium,
1076 2712 1123 2752 et
1164 2704 1504 2751 invisibilium.
1573 2704 1633 2750 Et
1672 2704 1723 2750 in
1768 2720 1926 2754 unum

486 2793 760 2841 Dominum
786 2794 959 2840 Jesum
984 2791 1254 2846 Christum,
1274 2789 1458 2837 Filium
1482 2789 1576 2837 Dei
1598 2790 1923 2850 unigenitum.
