2420 3480
43 1175 155 1222 ibus

21 1259 155 1307 ribus

68 1350 156 1393 aut

9 1451 18 1458 ·
29 1445 154 1478 rum.

20 1522 158 1564 enter

12 1615 156 1648 mum

3 1706 8 1709 -
21 1684 155 1733 uble-

0 2055 90 2095 sunt

0 2266 158 2313 quam

0 2351 34 2382 πει
71 2334 158 2382 ubi

5 2454 17 2477 ,
47 2425 157 2467 tum

0 2519 159 2552 :orum

0 2590 158 2638 :esias-

16 2680 70 2722 et
104 2674 160 2722 in

19 2759 163 2809 aliter

469 2824 803 2882 incommoda,
845 2823 990 2873 nobis
1031 2822 1196 2871 visum
1233 2827 1324 2878 est,
1360 2836 1510 2883 quam
1552 2819 1811 2869 decernere
1849 2827 1904 2871 ut

979 431 1321 466 PROVINCIAM:
1346 433 1419 465 111.

1003 604 1281 638 numinum
1304 604 1412 637 vm.

695 703 771 754 De
794 706 988 754 clericali
1009 706 1155 754 habitu
1177 708 1222 754 in
1246 707 1438 754 Canada
1463 706 1705 772 Superiori.

550 824 803 881 Quoniam
825 824 878 873 in
900 824 1193 873 dioecesibu·
1216 824 1431 873 Canadae
1471 825 1735 887 Superioris
1767 826 1922 875 vestis

487 909 658 959 talaris
680 925 815 967 usus,
837 910 890 958 in
906 909 1132 958 Concilio
1147 910 1441 959 Provinciali
1458 910 1690 968 secundo,
1711 910 1920 961 decretis

485 992 766 1042 Tridentini
819 993 1101 1050 inhaerente,
1146 1000 1425 1056 praeceptus,
1480 1009 1580 1043 non
1641 994 1740 1043 nisi
1798 1011 1918 1044 cum

486 1094 670 1141 magno
687 1077 1003 1127 incommodo
1017 1078 1212 1126 retineri
1226 1084 1398 1141 potest,
1420 1085 1467 1126 et
1483 1079 1589 1140 jam
1615 1079 1920 1128 obsolescere

486 1163 706 1225 incoepit,
727 1162 933 1225 huJusce
969 1162 1181 1224 regionis
1203 1163 1465 1225 adJunctis,
1487 1164 1920 1213 cirscumstantiis-

487 1264 583 1311 que
606 1248 869 1311 perpensis,
892 1247 1074 1296 dictam
1111 1254 1300 1296 vestem
1334 1248 1540 1297 talarem
1560 1249 1738 1311 deponi
1755 1265 1919 1312 posse,

487 1333 721 1395 aliudque
745 1333 1113 1389 vestimentum,
1136 1333 1282 1394 vulgo
1305 1332 1493 1381 dictum
1515 1333 1765 1390 soatanelle,
1792 1335 1920 1396 nigri

486 1418 678 1475 coloris,
726 1424 778 1467 et
829 1418 956 1466 infra
1004 1432 1168 1480 genua
1218 1417 1535 1474 descendens,
1580 1419 1809 1467 sufficere
1862 1419 1918 1468 in

484 1503 698 1566 praefatis
720 1502 1017 1551 dioecesibus
1038 1502 1346 1551 declaramus
1361 1518 1383 1559 -;
1405 1503 1634 1551 volumus
1655 1508 1825 1551 autem
1847 1509 1918 1560 ut,

486 1587 541 1635 in
594 1592 942 1649 argumentum
1007 1586 1247 1634 clericalis
1312 1591 1485 1642 status,
1549 1594 1598 1634 et
1662 1587 1918 1648 gravitatis

484 1670 832 1719 ecclesiasticae
855 1670 1254 1726 incitamentum,
1277 1685 1376 1717 non
1393 1670 1491 1718 nisi
1507 1669 1599 1719 hoc
1618 1670 1917 1719 vestimento

483 1772 542 1804 ac
587 1755 766 1804 collare
810 1771 1012 1804 romano
1065 1754 1227 1803 induti
1281 1754 1566 1803 earumdem
1613 1754 1915 1805 dioecesium

483 1839 763 1889 sacerdotes
786 1856 813 1888 e
835 1839 983 1888 domo
1004 1838 1319 1887 vel-ecclesia
1353 1844 1589 1887 exeuntes
1620 1839 1678 1887 in
1712 1839 1916 1902 publico

481 1924 732 1974 incedant.

997 2109 1281 2145 ‘namtarum
1315 2110 1382 2143 lx.

478 2227 554 2276 De
575 2227 701 2275 modo
735 2225 997 2290 providendi
1016 2225 1335 2273 necessitatibus
1368 2223 1671 2289 temporalibus
1706 2224 1908 2276 eoelesia-

645 2308 757 2347 rum,
784 2290 1140 2353 sacerdotumque
1161 2290 1461 2336 sustentationi
1477 2289 1522 2335 in
1546 2287 1737 2335 Canada

1070 2351 1310 2415 Superiori.

537 2474 758 2522 Attentis
779 2470 1149 2520 difficultatibus
1172 2484 1280 2532 quae
1298 2469 1353 2517 'in
1375 2467 1668 2519 d‘ioecesibus
1690 2469 1904 2519 Canadae

477 2559 746 2622 Superioris
769 2574 897 2622 saepe
920 2563 1197 2619 assurgunt,
1220 2555 1342 2604 dum
1379 2555 1688 2605 sacerdotum
1711 2562 1903 2606 susten-

473 2656 669 2714 tationi,
716 2653 940 2704 ecclesiis
984 2651 1242 2715 erigendis,
1287 2651 1493 2713 aliisque
1534 2651 1632 2714 piis
1674 2652 1903 2714 operibus

472 2740 825 2803 providendum
848 2746 940 2798 est,
963 2736 1087 2787 nihil
1127 2737 1304 2801 potiuS,
1341 2735 1401 2784 ad
1441 2736 1559 2785 talia
1595 2736 1904 2787 obvenientia
