<?xml version="1.0" encoding="UTF-8"?>
<!DOCTYPE html PUBLIC "-//W3C//DTD XHTML 1.0 Transitional//EN"
    "http://www.w3.org/TR/xhtml1/DTD/xhtml1-transitional.dtd">
<html xmlns="http://www.w3.org/1999/xhtml" xml:lang="en" lang="en">
 <head>
  <title>
</title>
<meta http-equiv="Content-Type" content="text/html;charset=utf-8" />
  <meta name='ocr-system' content='tesseract 3.04.00' />
  <meta name='ocr-capabilities' content='ocr_page ocr_carea ocr_par ocr_line ocrx_word'/>
</head>
<body>
  <div class='ocr_page' id='page_1' title='image "./cihm_04551_0050.png"; bbox 0 0 2412 3480; ppageno 0'>
   <div class='ocr_carea' id='block_1_1' title="bbox 46 488 174 621">
    <p class='ocr_par' dir='ltr' id='par_1_1' title="bbox 46 488 174 621">
     <span class='ocr_line' id='line_1_1' title="bbox 46 488 174 538; baseline 0.031 -4"><span class='ocrx_word' id='word_1_1' title='bbox 46 508 48 528; x_wconf 82' lang='grc' dir='ltr'>ι</span> <span class='ocrx_word' id='word_1_2' title='bbox 64 488 174 538; x_wconf 80' lang='lat' dir='ltr'>onis</span> 
     </span>
     <span class='ocr_line' id='line_1_2' title="bbox 51 571 171 621; baseline 0.025 -3"><span class='ocrx_word' id='word_1_3' title='bbox 51 571 171 621; x_wconf 70' lang='lat' dir='ltr'>sess.</span> 
     </span>
    </p>
   </div>
   <div class='ocr_carea' id='block_1_2' title="bbox 0 745 170 2404">
    <p class='ocr_par' dir='ltr' id='par_1_2' title="bbox 0 745 170 2404">
     <span class='ocr_line' id='line_1_3' title="bbox 44 745 170 794; baseline 0.008 -1"><span class='ocrx_word' id='word_1_4' title='bbox 44 745 170 794; x_wconf 87' lang='lat' dir='ltr'>mbit</span> 
     </span>
     <span class='ocr_line' id='line_1_4' title="bbox 60 829 168 877; baseline 0.019 -2"><span class='ocrx_word' id='word_1_5' title='bbox 60 829 168 877; x_wconf 90' lang='lat' dir='ltr'>uni-</span> 
     </span>
     <span class='ocr_line' id='line_1_5' title="bbox 34 911 164 961; baseline 0.015 -2"><span class='ocrx_word' id='word_1_6' title='bbox 34 911 164 961; x_wconf 83' lang='lat' dir='ltr'>dici:</span> 
     </span>
     <span class='ocr_line' id='line_1_6' title="bbox 28 997 165 1046; baseline 0.015 -2"><span class='ocrx_word' id='word_1_7' title='bbox 28 997 165 1046; x_wconf 77' lang='lat' dir='ltr'>ole.’&#39;</span> 
     </span>
     <span class='ocr_line' id='line_1_7' title="bbox 37 1082 162 1131; baseline 0.008 -2"><span class='ocrx_word' id='word_1_8' title='bbox 37 1082 162 1131; x_wconf 82' lang='lat' dir='ltr'>ianoe</span> 
     </span>
     <span class='ocr_line' id='line_1_8' title="bbox 30 1168 161 1215; baseline 0.008 -1"><span class='ocrx_word' id='word_1_9' title='bbox 30 1168 161 1215; x_wconf 90' lang='lat' dir='ltr'>catio</span> 
     </span>
     <span class='ocr_line' id='line_1_9' title="bbox 17 1266 158 1301; baseline 0.014 -2"><span class='ocrx_word' id='word_1_10' title='bbox 17 1266 158 1301; x_wconf 89' lang='lat' dir='ltr'>uum</span> 
     </span>
     <span class='ocr_line' id='line_1_10' title="bbox 17 1335 155 1384; baseline 0.007 -1"><span class='ocrx_word' id='word_1_11' title='bbox 17 1335 155 1384; x_wconf 77' lang='lat' dir='ltr'>-clem</span> 
     </span>
     <span class='ocr_line' id='line_1_11' title="bbox 10 1428 155 1475; baseline 0.014 -7"><span class='ocrx_word' id='word_1_12' title='bbox 10 1453 39 1475; x_wconf 89' lang='lat'>,</span> <span class='ocrx_word' id='word_1_13' title='bbox 106 1428 155 1470; x_wconf 86' lang='lat' dir='ltr'>et</span> 
     </span>
     <span class='ocr_line' id='line_1_12' title="bbox 21 1504 153 1566; baseline 0.03 -15"><span class='ocrx_word' id='word_1_14' title='bbox 21 1504 153 1566; x_wconf 89' lang='lat' dir='ltr'>ipsos</span> 
     </span>
     <span class='ocr_line' id='line_1_13' title="bbox 11 1589 150 1639; baseline 0.022 -3"><span class='ocrx_word' id='word_1_15' title='bbox 11 1589 150 1639; x_wconf 87' lang='lat' dir='ltr'>lium.</span> 
     </span>
     <span class='ocr_line' id='line_1_14' title="bbox 15 1674 149 1735; baseline 0 -12"><span class='ocrx_word' id='word_1_16' title='bbox 15 1674 149 1735; x_wconf 89' lang='lat' dir='ltr'>pedi-</span> 
     </span>
     <span class='ocr_line' id='line_1_15' title="bbox 0 1758 145 1807; baseline 0.021 -3"><span class='ocrx_word' id='word_1_17' title='bbox 0 1772 17 1804; x_wconf 89' lang='lat' dir='ltr'>r</span> <span class='ocrx_word' id='word_1_18' title='bbox 81 1758 145 1807; x_wconf 84' lang='lat' dir='ltr'>ad</span> 
     </span>
     <span class='ocr_line' id='line_1_16' title="bbox 31 1858 143 1891; baseline 0.018 -2"><span class='ocrx_word' id='word_1_19' title='bbox 31 1858 143 1891; x_wconf 88' lang='lat' dir='ltr'>exe-</span> 
     </span>
     <span class='ocr_line' id='line_1_17' title="bbox 0 1929 141 1988; baseline 0.014 -13"><span class='ocrx_word' id='word_1_20' title='bbox 0 1929 141 1988; x_wconf 67' lang='lat' dir='ltr'>iimo,</span> 
     </span>
     <span class='ocr_line' id='line_1_18' title="bbox 0 2013 140 2072; baseline 0.021 -13"><span class='ocrx_word' id='word_1_21' title='bbox 0 2013 140 2072; x_wconf 90' lang='lat' dir='ltr'>rium,</span> 
     </span>
     <span class='ocr_line' id='line_1_19' title="bbox 4 2099 139 2157; baseline 0.022 -13"><span class='ocrx_word' id='word_1_22' title='bbox 4 2099 139 2157; x_wconf 89' lang='lat' dir='ltr'>rceri,</span> 
     </span>
     <span class='ocr_line' id='line_1_20' title="bbox 3 2183 138 2243; baseline 0.03 -14"><span class='ocrx_word' id='word_1_23' title='bbox 3 2183 138 2243; x_wconf 90' lang='lat' dir='ltr'>chos,</span> 
     </span>
     <span class='ocr_line' id='line_1_21' title="bbox 0 2268 135 2329; baseline 0.007 -14"><span class='ocrx_word' id='word_1_24' title='bbox 0 2268 135 2329; x_wconf 78' lang='lat' dir='ltr'>udos,</span> 
     </span>
     <span class='ocr_line' id='line_1_22' title="bbox 0 2354 134 2404; baseline 0.03 -4"><span class='ocrx_word' id='word_1_25' title='bbox 0 2354 134 2404; x_wconf 64' lang='lat' dir='ltr'>rtient</span> 
     </span>
    </p>
   </div>
   <div class='ocr_carea' id='block_1_3' title="bbox 0 2523 130 2741">
    <p class='ocr_par' dir='ltr' id='par_1_3' title="bbox 0 2523 130 2741">
     <span class='ocr_line' id='line_1_23' title="bbox 0 2523 130 2573; baseline 0.031 -4"><span class='ocrx_word' id='word_1_26' title='bbox 0 2523 130 2573; x_wconf 77' lang='lat' dir='ltr'>ituris</span> 
     </span>
     <span class='ocr_line' id='line_1_24' title="bbox 0 2613 128 2659; baseline 0.039 -5"><span class='ocrx_word' id='word_1_27' title='bbox 0 2613 128 2659; x_wconf 87' lang='lat' dir='ltr'>tatur</span> 
     </span>
     <span class='ocr_line' id='line_1_25' title="bbox 0 2690 127 2741; baseline 0.016 -2"><span class='ocrx_word' id='word_1_28' title='bbox 0 2690 127 2741; x_wconf 77' lang='lat' dir='ltr'>dica-</span> 
     </span>
    </p>
   </div>
   <div class='ocr_carea' id='block_1_4' title="bbox 347 458 481 561">
    <p class='ocr_par' dir='ltr' id='par_1_4' title="bbox 347 458 481 561">
     <span class='ocr_line' id='line_1_26' title="bbox 347 458 481 561; baseline 0 2919"><span class='ocrx_word' id='word_1_29' title='bbox 347 458 481 561; x_wconf 95' lang='lat' dir='ltr'> </span> 
     </span>
    </p>
   </div>
   <div class='ocr_carea' id='block_1_5' title="bbox 340 0 2404 370">
    <p class='ocr_par' dir='ltr' id='par_1_5' title="bbox 340 0 2404 370">
     <span class='ocr_line' id='line_1_27' title="bbox 340 0 2404 370; baseline 0.006 -13"><span class='ocrx_word' id='word_1_30' title='bbox 340 0 2404 370; x_wconf 95' lang='lat' dir='ltr'>  </span> 
     </span>
    </p>
   </div>
   <div class='ocr_carea' id='block_1_6' title="bbox 971 380 1926 426">
    <p class='ocr_par' dir='ltr' id='par_1_6' title="bbox 971 380 1926 426">
     <span class='ocr_line' id='line_1_28' title="bbox 971 380 1926 426; baseline 0.004 -4"><span class='ocrx_word' id='word_1_31' title='bbox 971 388 1308 424; x_wconf 69' lang='lat' dir='ltr'>Pnovntcum</span> <span class='ocrx_word' id='word_1_32' title='bbox 1341 391 1418 424; x_wconf 90' lang='lat'>111.</span> <span class='ocrx_word' id='word_1_33' title='bbox 1865 380 1926 426; x_wconf 77' lang='lat'>46</span> 
     </span>
    </p>
   </div>
   <div class='ocr_carea' id='block_1_7' title="bbox 481 490 1937 2837">
    <p class='ocr_par' dir='ltr' id='par_1_7' title="bbox 481 490 1927 624">
     <span class='ocr_line' id='line_1_29' title="bbox 481 490 1927 554; baseline 0.003 -16"><span class='ocrx_word' id='word_1_34' title='bbox 481 490 549 540; x_wconf 85' lang='lat' dir='ltr'>ita</span> <span class='ocrx_word' id='word_1_35' title='bbox 602 490 767 554; x_wconf 83' lang='lat' dir='ltr'>peragi</span> <span class='ocrx_word' id='word_1_36' title='bbox 820 498 1008 549; x_wconf 89' lang='lat' dir='ltr'>curent,</span> <span class='ocrx_word' id='word_1_37' title='bbox 1064 500 1118 541; x_wconf 91' lang='lat' dir='ltr'>ut</span> <span class='ocrx_word' id='word_1_38' title='bbox 1162 493 1388 542; x_wconf 88' lang='lat' dir='ltr'>Christus</span> <span class='ocrx_word' id='word_1_39' title='bbox 1431 493 1485 541; x_wconf 88' lang='lat' dir='ltr'>in</span> <span class='ocrx_word' id='word_1_40' title='bbox 1532 492 1760 543; x_wconf 80' lang='lat' dir='ltr'><strong>cordibus</strong></span> <span class='ocrx_word' id='word_1_41' title='bbox 1789 495 1927 543; x_wconf 79' lang='lat' dir='ltr'>effor-</span> 
     </span>
     <span class='ocr_line' id='line_1_30' title="bbox 481 582 658 624; baseline -0.028 0"><span class='ocrx_word' id='word_1_42' title='bbox 481 582 658 624; x_wconf 85' lang='lat' dir='ltr'>metur.</span> 
     </span>
    </p>

    <p class='ocr_par' dir='ltr' id='par_1_8' title="bbox 481 661 1937 2837">
     <span class='ocr_line' id='line_1_31' title="bbox 544 661 1926 726; baseline 0.003 -17"><span class='ocrx_word' id='word_1_43' title='bbox 544 663 727 710; x_wconf 82' lang='lat' dir='ltr'>Curent</span> <span class='ocrx_word' id='word_1_44' title='bbox 752 661 907 710; x_wconf 86' lang='lat' dir='ltr'>etiam</span> <span class='ocrx_word' id='word_1_45' title='bbox 930 662 1160 726; x_wconf 81' lang='lat' dir='ltr'><strong>Episcopi</strong></span> <span class='ocrx_word' id='word_1_46' title='bbox 1186 672 1252 720; x_wconf 90' lang='lat' dir='ltr'>ut,</span> <span class='ocrx_word' id='word_1_47' title='bbox 1289 669 1531 726; x_wconf 86' lang='lat' dir='ltr'>quantum</span> <span class='ocrx_word' id='word_1_48' title='bbox 1570 665 1801 726; x_wconf 86' lang='lat' dir='ltr'>temporis</span> <span class='ocrx_word' id='word_1_49' title='bbox 1837 671 1926 713; x_wconf 81' lang='lat' dir='ltr'>aut</span> 
     </span>
     <span class='ocr_line' id='line_1_32' title="bbox 481 747 1925 804; baseline 0.001 -9"><span class='ocrx_word' id='word_1_50' title='bbox 481 747 702 795; x_wconf 89' lang='lat' dir='ltr'>locorum</span> <span class='ocrx_word' id='word_1_51' title='bbox 740 747 1129 795; x_wconf 83' lang='lat' dir='ltr'>circumstantiae</span> <span class='ocrx_word' id='word_1_52' title='bbox 1174 748 1343 804; x_wconf 87' lang='lat' dir='ltr'>serent,</span> <span class='ocrx_word' id='word_1_53' title='bbox 1387 749 1510 797; x_wconf 83' lang='lat' dir='ltr'>fiant</span> <span class='ocrx_word' id='word_1_54' title='bbox 1555 747 1825 796; x_wconf 85' lang='lat' dir='ltr'>identidem</span> <span class='ocrx_word' id='word_1_55' title='bbox 1872 750 1925 797; x_wconf 91' lang='lat' dir='ltr'>in</span> 
     </span>
     <span class='ocr_line' id='line_1_33' title="bbox 481 831 1927 894; baseline 0.002 -15"><span class='ocrx_word' id='word_1_56' title='bbox 481 832 723 879; x_wconf 84' lang='lat' dir='ltr'>ruralibus</span> <span class='ocrx_word' id='word_1_57' title='bbox 766 831 1009 887; x_wconf 82' lang='lat' dir='ltr'>eeclesiis,</span> <span class='ocrx_word' id='word_1_58' title='bbox 1054 847 1136 893; x_wconf 86' lang='lat' dir='ltr'>per</span> <span class='ocrx_word' id='word_1_59' title='bbox 1189 833 1379 894; x_wconf 88' lang='lat' dir='ltr'>aliquos</span> <span class='ocrx_word' id='word_1_60' title='bbox 1423 832 1652 880; x_wconf 84' lang='lat' dir='ltr'>dioecesis</span> <span class='ocrx_word' id='word_1_61' title='bbox 1697 847 1795 880; x_wconf 87' lang='lat' dir='ltr'>suae</span> <span class='ocrx_word' id='word_1_62' title='bbox 1839 839 1927 882; x_wconf 81' lang='lat' dir='ltr'>aut</span> 
     </span>
     <span class='ocr_line' id='line_1_34' title="bbox 482 914 1927 979; baseline 0.001 -15"><span class='ocrx_word' id='word_1_63' title='bbox 482 916 636 964; x_wconf 84' lang='lat' dir='ltr'>etiam</span> <span class='ocrx_word' id='word_1_64' title='bbox 691 914 916 963; x_wconf 81' lang='lat' dir='ltr'>dioecesis</span> <span class='ocrx_word' id='word_1_65' title='bbox 971 915 1145 963; x_wconf 83' lang='lat' dir='ltr'>alienae</span> <span class='ocrx_word' id='word_1_66' title='bbox 1188 917 1505 979; x_wconf 83' lang='lat' dir='ltr'>presbyteros,</span> <span class='ocrx_word' id='word_1_67' title='bbox 1560 915 1638 978; x_wconf 81' lang='lat' dir='ltr'>pia</span> <span class='ocrx_word' id='word_1_68' title='bbox 1678 919 1927 975; x_wconf 86' lang='lat' dir='ltr'>exercitia,</span> 
     </span>
     <span class='ocr_line' id='line_1_35' title="bbox 484 1000 1927 1062; baseline 0.001 -14"><span class='ocrx_word' id='word_1_69' title='bbox 484 1015 601 1048; x_wconf 89' lang='lat' dir='ltr'>cum</span> <span class='ocrx_word' id='word_1_70' title='bbox 646 1000 777 1048; x_wconf 82' lang='lat' dir='ltr'>clara</span> <span class='ocrx_word' id='word_1_71' title='bbox 821 1000 1142 1062; x_wconf 74' lang='lat' dir='ltr'>expositione,</span> <span class='ocrx_word' id='word_1_72' title='bbox 1199 1001 1302 1048; x_wconf 88' lang='lat' dir='ltr'>sive</span> <span class='ocrx_word' id='word_1_73' title='bbox 1343 1002 1604 1048; x_wconf 85' lang='lat' dir='ltr'>veritatum</span> <span class='ocrx_word' id='word_1_74' title='bbox 1646 1000 1776 1058; x_wconf 89' lang='lat' dir='ltr'>fidei,</span> <span class='ocrx_word' id='word_1_75' title='bbox 1821 1004 1927 1051; x_wconf 89' lang='lat' dir='ltr'>sive</span> 
     </span>
     <span class='ocr_line' id='line_1_36' title="bbox 483 1084 1927 1148; baseline 0 -15"><span class='ocrx_word' id='word_1_76' title='bbox 483 1092 834 1148; x_wconf 67' lang='lat' dir='ltr'>praeceptorum</span> <span class='ocrx_word' id='word_1_77' title='bbox 855 1084 947 1132; x_wconf 90' lang='lat' dir='ltr'>Dei</span> <span class='ocrx_word' id='word_1_78' title='bbox 981 1090 1026 1132; x_wconf 91' lang='lat' dir='ltr'>et</span> <span class='ocrx_word' id='word_1_79' title='bbox 1048 1084 1296 1141; x_wconf 72' lang='lat' dir='ltr'>Ecclesiae,</span> <span class='ocrx_word' id='word_1_80' title='bbox 1327 1091 1375 1133; x_wconf 91' lang='lat' dir='ltr'>et</span> <span class='ocrx_word' id='word_1_81' title='bbox 1394 1084 1556 1133; x_wconf 87' lang='lat' dir='ltr'>vivida</span> <span class='ocrx_word' id='word_1_82' title='bbox 1574 1085 1927 1143; x_wconf 80' lang='lat' dir='ltr'>exhortatione,</span> 
     </span>
     <span class='ocr_line' id='line_1_37' title="bbox 485 1167 1928 1230; baseline -0.001 -13"><span class='ocrx_word' id='word_1_83' title='bbox 485 1175 539 1217; x_wconf 91' lang='lat' dir='ltr'>ut</span> <span class='ocrx_word' id='word_1_84' title='bbox 562 1168 870 1216; x_wconf 87' lang='lat' dir='ltr'>audientium</span> <span class='ocrx_word' id='word_1_85' title='bbox 902 1167 1046 1216; x_wconf 86' lang='lat' dir='ltr'>corda</span> <span class='ocrx_word' id='word_1_86' title='bbox 1082 1184 1231 1229; x_wconf 83' lang='lat' dir='ltr'>quam</span> <span class='ocrx_word' id='word_1_87' title='bbox 1269 1169 1479 1230; x_wconf 88' lang='lat' dir='ltr'>primum</span> <span class='ocrx_word' id='word_1_88' title='bbox 1518 1168 1580 1217; x_wconf 85' lang='lat' dir='ltr'>ad</span> <span class='ocrx_word' id='word_1_89' title='bbox 1618 1171 1780 1217; x_wconf 89' lang='lat' dir='ltr'>Deum</span> <span class='ocrx_word' id='word_1_90' title='bbox 1815 1186 1928 1219; x_wconf 88' lang='lat' dir='ltr'>con·</span> 
     </span>
     <span class='ocr_line' id='line_1_38' title="bbox 484 1253 1926 1315; baseline 0.003 -14"><span class='ocrx_word' id='word_1_91' title='bbox 484 1259 746 1301; x_wconf 84' lang='lat' dir='ltr'>vertantur.</span> <span class='ocrx_word' id='word_1_92' title='bbox 812 1254 870 1301; x_wconf 90' lang='lat' dir='ltr'>In</span> <span class='ocrx_word' id='word_1_93' title='bbox 906 1253 1098 1315; x_wconf 78' lang='lat' dir='ltr'>oppidis</span> <span class='ocrx_word' id='word_1_94' title='bbox 1132 1259 1315 1310; x_wconf 86' lang='lat' dir='ltr'>autem,</span> <span class='ocrx_word' id='word_1_95' title='bbox 1355 1254 1531 1302; x_wconf 79' lang='lat' dir='ltr'>eadem</span> <span class='ocrx_word' id='word_1_96' title='bbox 1572 1256 1800 1304; x_wconf 84' lang='lat' dir='ltr'>exercitia</span> <span class='ocrx_word' id='word_1_97' title='bbox 1839 1258 1926 1305; x_wconf 85' lang='lat' dir='ltr'>ha-</span> 
     </span>
     <span class='ocr_line' id='line_1_39' title="bbox 483 1337 1927 1402; baseline 0.002 -15"><span class='ocrx_word' id='word_1_98' title='bbox 483 1339 707 1395; x_wconf 81' lang='lat' dir='ltr'>beantur,</span> <span class='ocrx_word' id='word_1_99' title='bbox 764 1337 850 1385; x_wconf 89' lang='lat' dir='ltr'>sed</span> <span class='ocrx_word' id='word_1_100' title='bbox 903 1354 1020 1386; x_wconf 90' lang='lat' dir='ltr'>cum</span> <span class='ocrx_word' id='word_1_101' title='bbox 1076 1339 1413 1394; x_wconf 77' lang='lat' dir='ltr'>luculentiore,</span> <span class='ocrx_word' id='word_1_102' title='bbox 1474 1340 1518 1387; x_wconf 91' lang='lat' dir='ltr'>si</span> <span class='ocrx_word' id='word_1_103' title='bbox 1572 1339 1641 1388; x_wconf 84' lang='lat' dir='ltr'>ita</span> <span class='ocrx_word' id='word_1_104' title='bbox 1702 1342 1927 1402; x_wconf 87' lang='lat' dir='ltr'>expedire</span> 
     </span>
     <span class='ocr_line' id='line_1_40' title="bbox 484 1422 1925 1486; baseline 0.003 -16"><span class='ocrx_word' id='word_1_105' title='bbox 484 1422 741 1479; x_wconf 86' lang='lat' dir='ltr'>videbitur,</span> <span class='ocrx_word' id='word_1_106' title='bbox 797 1422 1031 1470; x_wconf 87' lang='lat' dir='ltr'>doctrinoe</span> <span class='ocrx_word' id='word_1_107' title='bbox 1087 1430 1173 1470; x_wconf 90' lang='lat' dir='ltr'>aut</span> <span class='ocrx_word' id='word_1_108' title='bbox 1226 1423 1497 1470; x_wconf 87' lang='lat' dir='ltr'>officiorum</span> <span class='ocrx_word' id='word_1_109' title='bbox 1562 1424 1925 1486; x_wconf 80' lang='lat' dir='ltr'>explanatione.</span> 
     </span>
     <span class='ocr_line' id='line_1_41' title="bbox 485 1506 1928 1569; baseline 0.003 -14"><span class='ocrx_word' id='word_1_110' title='bbox 485 1507 656 1556; x_wconf 84' lang='lat' dir='ltr'>Sciant</span> <span class='ocrx_word' id='word_1_111' title='bbox 679 1507 831 1555; x_wconf 83' lang='lat' dir='ltr'>etiarn</span> <span class='ocrx_word' id='word_1_112' title='bbox 857 1506 1085 1569; x_wconf 87' lang='lat' dir='ltr'>Episcopi</span> <span class='ocrx_word' id='word_1_113' title='bbox 1112 1523 1163 1554; x_wconf 90' lang='lat' dir='ltr'>se</span> <span class='ocrx_word' id='word_1_114' title='bbox 1188 1522 1286 1554; x_wconf 86' lang='lat' dir='ltr'>non</span> <span class='ocrx_word' id='word_1_115' title='bbox 1312 1507 1474 1555; x_wconf 87' lang='lat' dir='ltr'>inutili</span> <span class='ocrx_word' id='word_1_116' title='bbox 1497 1523 1613 1555; x_wconf 87' lang='lat' dir='ltr'>cura</span> <span class='ocrx_word' id='word_1_117' title='bbox 1638 1511 1843 1569; x_wconf 85' lang='lat' dir='ltr'>gravari,</span> <span class='ocrx_word' id='word_1_118' title='bbox 1883 1511 1928 1560; x_wconf 79' lang='lat' dir='ltr'>si</span> 
     </span>
     <span class='ocr_line' id='line_1_42' title="bbox 485 1590 1929 1653; baseline 0.002 -13"><span class='ocrx_word' id='word_1_119' title='bbox 485 1592 539 1640; x_wconf 88' lang='lat' dir='ltr'>in</span> <span class='ocrx_word' id='word_1_120' title='bbox 573 1591 815 1653; x_wconf 76' lang='lat' dir='ltr'>eligendis</span> <span class='ocrx_word' id='word_1_121' title='bbox 848 1590 1241 1653; x_wconf 78' lang='lat' dir='ltr'>praedicatoribus</span> <span class='ocrx_word' id='word_1_122' title='bbox 1261 1607 1343 1653; x_wconf 90' lang='lat' dir='ltr'>pro</span> <span class='ocrx_word' id='word_1_123' title='bbox 1361 1591 1645 1653; x_wconf 79' lang='lat' dir='ltr'>huJusmodi</span> <span class='ocrx_word' id='word_1_124' title='bbox 1681 1595 1929 1643; x_wconf 86' lang='lat' dir='ltr'>exercitiis</span> 
     </span>
     <span class='ocr_line' id='line_1_43' title="bbox 485 1675 1930 1741; baseline 0.003 -18"><span class='ocrx_word' id='word_1_125' title='bbox 485 1692 683 1738; x_wconf 87' lang='lat' dir='ltr'>operam</span> <span class='ocrx_word' id='word_1_126' title='bbox 720 1675 1048 1737; x_wconf 85' lang='lat' dir='ltr'>impendant3</span> <span class='ocrx_word' id='word_1_127' title='bbox 1092 1691 1272 1736; x_wconf 89' lang='lat' dir='ltr'>eosque</span> <span class='ocrx_word' id='word_1_128' title='bbox 1313 1682 1547 1723; x_wconf 85' lang='lat' dir='ltr'>moneant</span> <span class='ocrx_word' id='word_1_129' title='bbox 1585 1677 1806 1738; x_wconf 81' lang='lat' dir='ltr'>qualiter,</span> <span class='ocrx_word' id='word_1_130' title='bbox 1846 1696 1930 1741; x_wconf 88' lang='lat' dir='ltr'>pro</span> 
     </span>
     <span class='ocr_line' id='line_1_44' title="bbox 486 1760 1930 1822; baseline 0.003 -14"><span class='ocrx_word' id='word_1_131' title='bbox 486 1767 763 1822; x_wconf 88' lang='lat' dir='ltr'>temporum</span> <span class='ocrx_word' id='word_1_132' title='bbox 808 1776 867 1807; x_wconf 85' lang='lat' dir='ltr'>ac</span> <span class='ocrx_word' id='word_1_133' title='bbox 913 1760 1123 1807; x_wconf 90' lang='lat' dir='ltr'>locorum</span> <span class='ocrx_word' id='word_1_134' title='bbox 1162 1760 1423 1821; x_wconf 81' lang='lat' dir='ltr'>exigentia,</span> <span class='ocrx_word' id='word_1_135' title='bbox 1461 1760 1665 1809; x_wconf 85' lang='lat' dir='ltr'>verbum</span> <span class='ocrx_word' id='word_1_136' title='bbox 1701 1761 1930 1813; x_wconf 89' lang='lat' dir='ltr'>divinum</span> 
     </span>
     <span class='ocr_line' id='line_1_45' title="bbox 488 1843 1930 1905; baseline 0.002 -12"><span class='ocrx_word' id='word_1_137' title='bbox 488 1846 782 1893; x_wconf 85' lang='lat' dir='ltr'>annuntiare</span> <span class='ocrx_word' id='word_1_138' title='bbox 806 1843 1084 1891; x_wconf 88' lang='lat' dir='ltr'>conveniat.</span> <span class='ocrx_word' id='word_1_139' title='bbox 1151 1843 1294 1899; x_wconf 84' lang='lat' dir='ltr'>Quod</span> <span class='ocrx_word' id='word_1_140' title='bbox 1319 1844 1375 1899; x_wconf 89' lang='lat' dir='ltr'>si,</span> <span class='ocrx_word' id='word_1_141' title='bbox 1410 1845 1463 1891; x_wconf 88' lang='lat' dir='ltr'>in</span> <span class='ocrx_word' id='word_1_142' title='bbox 1500 1844 1664 1905; x_wconf 85' lang='lat' dir='ltr'>aliqua</span> <span class='ocrx_word' id='word_1_143' title='bbox 1702 1845 1930 1896; x_wconf 83' lang='lat' dir='ltr'>dioeccsis</span> 
     </span>
     <span class='ocr_line' id='line_1_46' title="bbox 488 1928 1933 1993; baseline 0.003 -16"><span class='ocrx_word' id='word_1_144' title='bbox 488 1935 637 1993; x_wconf 80' lang='lat' dir='ltr'>parte,</span> <span class='ocrx_word' id='word_1_145' title='bbox 668 1930 720 1977; x_wconf 87' lang='lat' dir='ltr'>hi</span> <span class='ocrx_word' id='word_1_146' title='bbox 744 1929 1075 1977; x_wconf 63' lang='lat' dir='ltr'>funestissimi</span> <span class='ocrx_word' id='word_1_147' title='bbox 1110 1944 1306 1984; x_wconf 77' lang='lat' dir='ltr'>erroreS,</span> <span class='ocrx_word' id='word_1_148' title='bbox 1344 1930 1425 1990; x_wconf 88' lang='lat' dir='ltr'>qui</span> <span class='ocrx_word' id='word_1_149' title='bbox 1449 1928 1512 1976; x_wconf 85' lang='lat' dir='ltr'>ad</span> <span class='ocrx_word' id='word_1_150' title='bbox 1553 1945 1765 1990; x_wconf 86' lang='lat' dir='ltr'>praesens</span> <span class='ocrx_word' id='word_1_151' title='bbox 1804 1933 1933 1981; x_wconf 88' lang='lat' dir='ltr'>inter</span> 
     </span>
     <span class='ocr_line' id='line_1_47' title="bbox 488 2015 1931 2080; baseline 0.002 -16"><span class='ocrx_word' id='word_1_152' title='bbox 488 2017 693 2080; x_wconf 88' lang='lat' dir='ltr'>populos</span> <span class='ocrx_word' id='word_1_153' title='bbox 706 2015 1065 2071; x_wconf 84' lang='lat' dir='ltr'>diffunduntur,</span> <span class='ocrx_word' id='word_1_154' title='bbox 1091 2015 1292 2076; x_wconf 86' lang='lat' dir='ltr'>irrepere</span> <span class='ocrx_word' id='word_1_155' title='bbox 1309 2015 1556 2076; x_wconf 88' lang='lat' dir='ltr'>coeperint,</span> <span class='ocrx_word' id='word_1_156' title='bbox 1584 2031 1669 2062; x_wconf 89' lang='lat' dir='ltr'>eos</span> <span class='ocrx_word' id='word_1_157' title='bbox 1693 2019 1931 2067; x_wconf 78' lang='lat' dir='ltr'>confutari</span> 
     </span>
     <span class='ocr_line' id='line_1_48' title="bbox 489 2097 1930 2162; baseline 0.001 -14"><span class='ocrx_word' id='word_1_158' title='bbox 489 2109 539 2148; x_wconf 92' lang='lat' dir='ltr'>et</span> <span class='ocrx_word' id='word_1_159' title='bbox 562 2099 826 2162; x_wconf 70' lang='lat' dir='ltr'>praefocari,</span> <span class='ocrx_word' id='word_1_160' title='bbox 849 2114 934 2160; x_wconf 88' lang='lat' dir='ltr'>per</span> <span class='ocrx_word' id='word_1_161' title='bbox 956 2098 1257 2158; x_wconf 81' lang='lat' dir='ltr'>evangelicae</span> <span class='ocrx_word' id='word_1_162' title='bbox 1278 2098 1496 2145; x_wconf 87' lang='lat' dir='ltr'>veritatis</span> <span class='ocrx_word' id='word_1_163' title='bbox 1518 2097 1930 2159; x_wconf 70' lang='lat' dir='ltr'>praedicationem,</span> 
     </span>
     <span class='ocr_line' id='line_1_49' title="bbox 490 2182 1931 2247; baseline 0 -14"><span class='ocrx_word' id='word_1_164' title='bbox 490 2185 760 2247; x_wconf 89' lang='lat' dir='ltr'>Episcopos</span> <span class='ocrx_word' id='word_1_165' title='bbox 783 2191 1004 2245; x_wconf 81' lang='lat' dir='ltr'>satagere</span> <span class='ocrx_word' id='word_1_166' title='bbox 1029 2199 1234 2230; x_wconf 84' lang='lat' dir='ltr'>necesse</span> <span class='ocrx_word' id='word_1_167' title='bbox 1258 2188 1346 2229; x_wconf 88' lang='lat' dir='ltr'>est.</span> <span class='ocrx_word' id='word_1_168' title='bbox 1416 2182 1737 2230; x_wconf 82' lang='lat' dir='ltr'>Meininerint</span> <span class='ocrx_word' id='word_1_169' title='bbox 1760 2191 1931 2233; x_wconf 88' lang='lat' dir='ltr'>tamen</span> 
     </span>
     <span class='ocr_line' id='line_1_50' title="bbox 490 2268 1932 2330; baseline 0 -11"><span class='ocrx_word' id='word_1_170' title='bbox 490 2287 665 2319; x_wconf 86' lang='lat' dir='ltr'>omnes</span> <span class='ocrx_word' id='word_1_171' title='bbox 688 2269 749 2318; x_wconf 85' lang='lat' dir='ltr'>ad</span> <span class='ocrx_word' id='word_1_172' title='bbox 791 2269 920 2317; x_wconf 88' lang='lat' dir='ltr'>hanc</span> <span class='ocrx_word' id='word_1_173' title='bbox 958 2284 1171 2330; x_wconf 87' lang='lat' dir='ltr'>pugnam</span> <span class='ocrx_word' id='word_1_174' title='bbox 1213 2268 1652 2315; x_wconf 78' lang='lat' dir='ltr'>indiscriminatim</span> <span class='ocrx_word' id='word_1_175' title='bbox 1691 2284 1788 2317; x_wconf 89' lang='lat' dir='ltr'>non</span> <span class='ocrx_word' id='word_1_176' title='bbox 1823 2286 1932 2319; x_wconf 86' lang='lat' dir='ltr'>esse</span> 
     </span>
     <span class='ocr_line' id='line_1_51' title="bbox 492 2350 1933 2411; baseline -0.001 -9"><span class='ocrx_word' id='word_1_177' title='bbox 492 2353 841 2409; x_wconf 75' lang='lat' dir='ltr'>admittendOS,</span> <span class='ocrx_word' id='word_1_178' title='bbox 883 2368 946 2400; x_wconf 89' lang='lat' dir='ltr'>ne</span> <span class='ocrx_word' id='word_1_179' title='bbox 970 2351 1088 2400; x_wconf 87' lang='lat' dir='ltr'>sorte</span> <span class='ocrx_word' id='word_1_180' title='bbox 1110 2367 1290 2399; x_wconf 82' lang='lat' dir='ltr'>errores</span> <span class='ocrx_word' id='word_1_181' title='bbox 1311 2350 1541 2399; x_wconf 83' lang='lat' dir='ltr'>debellati</span> <span class='ocrx_word' id='word_1_182' title='bbox 1565 2350 1651 2398; x_wconf 87' lang='lat' dir='ltr'>sed</span> <span class='ocrx_word' id='word_1_183' title='bbox 1679 2367 1774 2399; x_wconf 90' lang='lat' dir='ltr'>non</span> <span class='ocrx_word' id='word_1_184' title='bbox 1799 2353 1933 2411; x_wconf 89' lang='lat' dir='ltr'>victi,</span> 
     </span>
     <span class='ocr_line' id='line_1_52' title="bbox 492 2434 1935 2502; baseline -0.001 -15"><span class='ocrx_word' id='word_1_185' title='bbox 492 2455 576 2502; x_wconf 87' lang='lat' dir='ltr'>per</span> <span class='ocrx_word' id='word_1_186' title='bbox 623 2440 785 2501; x_wconf 85' lang='lat' dir='ltr'>ipsam</span> <span class='ocrx_word' id='word_1_187' title='bbox 839 2442 1243 2498; x_wconf 87' lang='lat' dir='ltr'>argumentorum</span> <span class='ocrx_word' id='word_1_188' title='bbox 1287 2434 1608 2491; x_wconf 84' lang='lat' dir='ltr'>debilitatem,</span> <span class='ocrx_word' id='word_1_189' title='bbox 1653 2436 1843 2484; x_wconf 83' lang='lat' dir='ltr'>firmius</span> <span class='ocrx_word' id='word_1_190' title='bbox 1886 2446 1935 2487; x_wconf 89' lang='lat' dir='ltr'>et</span> 
     </span>
     <span class='ocr_line' id='line_1_53' title="bbox 492 2519 1935 2583; baseline -0.002 -10"><span class='ocrx_word' id='word_1_191' title='bbox 492 2525 720 2573; x_wconf 88' lang='lat' dir='ltr'>tenacius</span> <span class='ocrx_word' id='word_1_192' title='bbox 774 2522 961 2570; x_wconf 85' lang='lat' dir='ltr'>animis</span> <span class='ocrx_word' id='word_1_193' title='bbox 1011 2519 1322 2568; x_wconf 87' lang='lat' dir='ltr'>audientium</span> <span class='ocrx_word' id='word_1_194' title='bbox 1364 2519 1668 2567; x_wconf 82' lang='lat' dir='ltr'>inhaereant:</span> <span class='ocrx_word' id='word_1_195' title='bbox 1728 2521 1935 2583; x_wconf 88' lang='lat' dir='ltr'>ideoque</span> 
     </span>
     <span class='ocr_line' id='line_1_54' title="bbox 493 2603 1937 2672; baseline -0.002 -14"><span class='ocrx_word' id='word_1_196' title='bbox 493 2626 668 2658; x_wconf 84' lang='lat' dir='ltr'>omnes</span> <span class='ocrx_word' id='word_1_197' title='bbox 684 2608 937 2672; x_wconf 79' lang='lat' dir='ltr'>parochOS,</span> <span class='ocrx_word' id='word_1_198' title='bbox 960 2606 1161 2661; x_wconf 82' lang='lat' dir='ltr'>aliosve,</span> <span class='ocrx_word' id='word_1_199' title='bbox 1184 2604 1245 2652; x_wconf 82' lang='lat' dir='ltr'>ad</span> <span class='ocrx_word' id='word_1_200' title='bbox 1271 2620 1389 2666; x_wconf 86' lang='lat' dir='ltr'>quos</span> <span class='ocrx_word' id='word_1_201' title='bbox 1418 2620 1634 2666; x_wconf 80' lang='lat' dir='ltr'>praesens</span> <span class='ocrx_word' id='word_1_202' title='bbox 1663 2603 1937 2655; x_wconf 84' lang='lat' dir='ltr'>admonitio</span> 
     </span>
     <span class='ocr_line' id='line_1_55' title="bbox 495 2690 1936 2758; baseline -0.002 -14"><span class='ocrx_word' id='word_1_203' title='bbox 495 2702 712 2758; x_wconf 88' lang='lat' dir='ltr'>spectare</span> <span class='ocrx_word' id='word_1_204' title='bbox 736 2699 909 2757; x_wconf 87' lang='lat' dir='ltr'>potest,</span> <span class='ocrx_word' id='word_1_205' title='bbox 931 2692 1184 2739; x_wconf 86' lang='lat' dir='ltr'>hortamur</span> <span class='ocrx_word' id='word_1_206' title='bbox 1206 2691 1259 2738; x_wconf 91' lang='lat' dir='ltr'>in</span> <span class='ocrx_word' id='word_1_207' title='bbox 1283 2690 1515 2745; x_wconf 82' lang='lat' dir='ltr'>Domine,</span> <span class='ocrx_word' id='word_1_208' title='bbox 1549 2697 1796 2751; x_wconf 79' lang='lat' dir='ltr'>quatenus</span> <span class='ocrx_word' id='word_1_209' title='bbox 1820 2691 1936 2741; x_wconf 89' lang='lat' dir='ltr'>huic</span> 
     </span>
     <span class='ocr_line' id='line_1_56' title="bbox 495 2774 1937 2837; baseline -0.002 -11"><span class='ocrx_word' id='word_1_210' title='bbox 495 2794 706 2828; x_wconf 86' lang='lat' dir='ltr'>errorum</span> <span class='ocrx_word' id='word_1_211' title='bbox 762 2775 985 2826; x_wconf 81' lang='lat' dir='ltr'>hodierni</span> <span class='ocrx_word' id='word_1_212' title='bbox 1041 2774 1275 2837; x_wconf 86' lang='lat' dir='ltr'>temporis</span> <span class='ocrx_word' id='word_1_213' title='bbox 1330 2774 1682 2830; x_wconf 85' lang='lat' dir='ltr'>-consutationi,</span> <span class='ocrx_word' id='word_1_214' title='bbox 1756 2775 1937 2825; x_wconf 79' lang='lat' dir='ltr'>seriam</span> 
     </span>
    </p>
   </div>
   <div class='ocr_carea' id='block_1_8' title="bbox 0 357 2404 3476">
    <p class='ocr_par' dir='ltr' id='par_1_9' title="bbox 0 357 2404 3476">
     <span class='ocr_line' id='line_1_57' title="bbox 347 357 2404 586; baseline -0.003 -137"><span class='ocrx_word' id='word_1_215' title='bbox 347 357 2404 586; x_wconf 95' lang='lat' dir='ltr'>      </span> 
     </span>
     <span class='ocr_line' id='line_1_58' title="bbox 2315 586 2404 832; baseline 0 -74"><span class='ocrx_word' id='word_1_216' title='bbox 2315 586 2404 832; x_wconf 95' lang='lat' dir='ltr'>   </span> 
     </span>
     <span class='ocr_line' id='line_1_59' title="bbox 2314 832 2404 925; baseline 0 2555"><span class='ocrx_word' id='word_1_217' title='bbox 2314 832 2404 925; x_wconf 95' lang='lat' dir='ltr'> </span> 
     </span>
     <span class='ocr_line' id='line_1_60' title="bbox 2314 925 2404 1011; baseline 0 2469"><span class='ocrx_word' id='word_1_218' title='bbox 2314 925 2404 1011; x_wconf 95' lang='lat' dir='ltr'> </span> 
     </span>
     <span class='ocr_line' id='line_1_61' title="bbox 2300 1011 2404 1093; baseline 0 2387"><span class='ocrx_word' id='word_1_219' title='bbox 2300 1011 2404 1093; x_wconf 95' lang='lat' dir='ltr'> </span> 
     </span>
     <span class='ocr_line' id='line_1_62' title="bbox 2299 1093 2404 1322; baseline 0 -61"><span class='ocrx_word' id='word_1_220' title='bbox 2299 1093 2404 1322; x_wconf 95' lang='lat' dir='ltr'>   </span> 
     </span>
     <span class='ocr_line' id='line_1_63' title="bbox 2300 1346 2404 1600; baseline 0 -166"><span class='ocrx_word' id='word_1_221' title='bbox 2300 1346 2404 1600; x_wconf 95' lang='lat' dir='ltr'>   </span> 
     </span>
     <span class='ocr_line' id='line_1_64' title="bbox 2318 1600 2404 1684; baseline 0 1796"><span class='ocrx_word' id='word_1_222' title='bbox 2318 1600 2404 1684; x_wconf 95' lang='lat' dir='ltr'> </span> 
     </span>
     <span class='ocr_line' id='line_1_65' title="bbox 2318 1684 2404 1918; baseline 0 -65"><span class='ocrx_word' id='word_1_223' title='bbox 2318 1684 2404 1918; x_wconf 95' lang='lat' dir='ltr'>   </span> 
     </span>
     <span class='ocr_line' id='line_1_66' title="bbox 2318 1936 2404 2194; baseline 0 -82"><span class='ocrx_word' id='word_1_224' title='bbox 2318 1936 2404 2194; x_wconf 95' lang='lat' dir='ltr'>   </span> 
     </span>
     <span class='ocr_line' id='line_1_67' title="bbox 2328 2194 2404 2278; baseline 0 1202"><span class='ocrx_word' id='word_1_225' title='bbox 2328 2194 2404 2278; x_wconf 95' lang='lat' dir='ltr'> </span> 
     </span>
     <span class='ocr_line' id='line_1_68' title="bbox 2324 2278 2404 2361; baseline 0 1119"><span class='ocrx_word' id='word_1_226' title='bbox 2324 2278 2404 2361; x_wconf 95' lang='lat' dir='ltr'> </span> 
     </span>
     <span class='ocr_line' id='line_1_69' title="bbox 2324 2361 2404 2441; baseline 0 1039"><span class='ocrx_word' id='word_1_227' title='bbox 2324 2361 2404 2441; x_wconf 95' lang='lat' dir='ltr'> </span> 
     </span>
     <span class='ocr_line' id='line_1_70' title="bbox 2324 2441 2404 2536; baseline 0 944"><span class='ocrx_word' id='word_1_228' title='bbox 2324 2441 2404 2536; x_wconf 95' lang='lat' dir='ltr'> </span> 
     </span>
     <span class='ocr_line' id='line_1_71' title="bbox 2326 2536 2404 2615; baseline 0 865"><span class='ocrx_word' id='word_1_229' title='bbox 2326 2536 2404 2615; x_wconf 95' lang='lat' dir='ltr'> </span> 
     </span>
     <span class='ocr_line' id='line_1_72' title="bbox 2326 2615 2404 2706; baseline 0 774"><span class='ocrx_word' id='word_1_230' title='bbox 2326 2615 2404 2706; x_wconf 95' lang='lat' dir='ltr'> </span> 
     </span>
     <span class='ocr_line' id='line_1_73' title="bbox 0 2706 2404 3476; baseline 0 -608"><span class='ocrx_word' id='word_1_231' title='bbox 0 2706 2404 3476; x_wconf 95' lang='lat' dir='ltr'>    </span> 
     </span>
    </p>
   </div>
  </div>
 </body>
</html>
