2320 3352
0 460 170 512 clesia.

0 561 73 608 pto
112 562 171 595 eo

0 631 172 681 onibus

0 714 178 765 Vestra

0 798 171 849 divino

0 883 169 943 oribus,

0 984 44 1018 re
67 968 170 1018 Deo

0 1052 169 1102 onibus

2 1816 162 1858 tanus.

905 554 1526 698 APPENDIX

1003 833 1416 862 ...ΜΨ-...-

612 998 997 1047 ALLOCUTIO
1030 999 1113 1047 SS.
1149 999 1207 1045 D.
1242 999 1302 1045 N.
1336 998 1424 1045 PII
1459 997 1676 1045 PAPAE
1716 998 1786 1046 lx

730 1183 778 1212 m
804 1183 1062 1213 cousrsromo
1089 1172 1115 1212 9
1143 1183 1370 1213 oscensis
1399 1170 1506 1212 1854
1532 1182 1688 1211 mmm

665 1332 926 1378 Veneram&
942 1331 1129 1387 Fratres,

538 1442 760 1498 ‘Singulari
794 1442 980 1498 quadam
1016 1442 1171 1499 perfusi
1206 1443 1366 1486 laetitia
1396 1441 1632 1487 exultamus
1654 1442 1700 1485 in
1729 1441 1932 1496 Domino,-

487 1505 765 1551 Venerabiles
801 1507 980 1562 Fratres,
1017 1522 1114 1551 cum
1151 1506 1194 1550 V
1196 1522 1240 1551 os
1276 1507 1477 1550 hodierno
1514 1507 1582 1551 die
1617 1508 1737 1551 lateri
1772 1508 1936 1551 Nostro'

485 1573 727 1629 frequentes
774 1572 936 1616 adstare
984 1573 1211 1626 videamus,
1261 1587 1365 1628 quos
1410 1571 1614 1615 Nostrum
1649 1573 1852 1629 gaudium
1889 1579 1931 1617 et

486 1651 687 1681 coronam
729 1638 827 1694 jure
862 1652 1080 1694 possumus
1119 1652 1370 1693 nuncupare.
1426 1636 1519 1680 Vos
1555 1638 1665 1679 enim
1701 1652 1796 1694 pars
1834 1639 1930 1683 estis

486 1716 648 1755 eorum,
669 1703 920 1759 quibuscum
935 1703 1289 1745 communicamus
1303 1703 1465 1745 labores
1479 1706 1522 1744 et
1533 1716 1651 1745 curas
1665 1703 1710 1744 in
1724 1704 1930 1758 pascendo

488 1767 718 1811 humilitati
748 1767 931 1811 Nostrae
962 1768 1198 1810 concredito
1235 1768 1443 1811 dominico
1479 1782 1605 1824 grege
1641 1769 1848 1821 universo,
1886 1770 1934 1816 in·-

484 1833 675 1876 tutandis
689 1833 856 1889 juribus
874 1832 1105 1875 catholicae
1123 1833 1345 1889 religionis,
1378 1833 1500 1888 eique
1519 1833 1637 1875 novis
1656 1828 1936 1889 adjungendis⁴

486 1899 773 1952 sectatoribus,
794 1899 866 1954 qui
879 1898 1069 1954 justitiae
1087 1903 1128 1940 et
1147 1899 1335 1940 veritatis
1353 1898 1492 1940 Deum
1511 1898 1554 1938 in
1572 1898 1807 1941 sinceritate
1825 1898 1908 1942 fide

486 1963 639 2015 colant,
660 1970 702 2006 et
722 1968 984 2005 venerentur.
1040 1963 1191 2019 Itaque
1221 1963 1335 2019 quod
1367 1963 1468 2004 olim
1503 1962 1691 2004 Christus
1719 1962 1925 2006 Dominus

481 2029 594 2071 dixit
613 2029 911 2085 Apostolorum
930 2028 1119 2085 Principi
1138 2031 1163 2052 “
1179 2033 1225 2070 tu
1239 2028 1464 2084 aliquando
1483 2042 1705 2071 conversus
1723 2029 1924 2072 confirma

482 2094 633 2136 fratres
669 2100 765 2137 tuos
785 2093 809 2115 ”
856 2094 900 2136 id
938 2095 1073 2149 ipsum
1112 2093 1259 2144 Nobis,
1308 2094 1381 2149 qui
1425 2094 1469 2135 in
1517 2093 1605 2149 ejus
1650 2094 1790 2137 locum
1826 2095 1925 2138 licet

483 2160 751 2202 immerentes
797 2160 943 2202 divina
981 2160 1240 2215 benignitate
1276 2158 1439 2202 suffecti
1476 2173 1628 2211 sumus,
1666 2159 1745 2201 hac
1784 2160 1927 2203 oblata

481 2225 798 2280 opportunitate
851 2225 1147 2281 praes-tandum
1193 2225 1369 2277 videtur,
1424 2229 1473 2265 ut
1520 2222 1652 2266 Vobis
1711 2224 1921 2279 nimirum,

483 2288 760 2332 Venerabiles
779 2289 960 2342 Fratres,
994 2290 1124 2332 verba
1141 2289 1355 2341 faciamus,
1376 2303 1458 2331 non
1479 2294 1527 2329 ut
1545 2287 1633 2330 Vos
1653 2294 1725 2330 aut
1744 2304 1924 2333 eommo-

483 2368 660 2396 neamus
688 2354 827 2408 officii,
858 2360 934 2397 aut
962 2355 1208 2410 languentes
1241 2354 1478 2406 excitemus,
1513 2367 1615 2408 quos
1645 2352 1927 2399 inflammatos

482 2420 622 2463 studio
641 2420 833 2463 novimus
860 2420 995 2463 divini
1023 2420 1219 2463 Nominis
1246 2419 1407 2476 gloriae
1438 2420 1745 2475 propagandae,
1779 2421 1851 2463 sed
1880 2427 1927 2463 ut

481 2490 704 2542 tamquam
742 2500 844 2529 voce
889 2486 979 2542 ipsa
1014 2485 1253 2528 Beatissimi
1290 2484 1421 2538 Petri,
1469 2484 1542 2540 qui
1575 2484 1694 2540 vivit,
1733 2486 1928 2542 vivetque

481 2550 525 2591 in
546 2550 862 2593 Successoribus
880 2551 964 2592 suis
983 2551 1169 2602 recreati,
1203 2557 1330 2605 atque
1349 2549 1474 2591 erecti
1493 2563 1601 2591 novo
1622 2550 1750 2592 veluti
1779 2551 1928 2593 robore

482 2614 731 2657 muniamini
751 2615 805 2657 ad
825 2615 1106 2671 quaerendam
1134 2616 1444 2657 commissarum
1478 2614 1620 2656 ovium
1652 2614 1843 2668 salutem,
1874 2616 1927 2658 ad

481 2679 693 2723 Ecclesiae
739 2694 907 2723 eausam
955 2681 997 2722 in
1045 2686 1166 2723 tanta
1203 2679 1424 2736 asperitate
1462 2684 1698 2734 temporum
1745 2681 1928 2724 animose

481 2758 530 2788 ac
548 2744 710 2787 fortiter
728 2745 1023 2788 sustinendam.

644 2821 670 2865 7
