2396 3400
621 369 683 416 72
1021 381 1304 416 concinium
1339 379 1672 419 quantumst

620 483 815 534 indulta
863 500 950 548 per
991 484 1160 533 literas
1202 483 1467 532 circulares
1508 482 1731 546 ejusdem
1775 482 1825 531 S.
1847 482 2074 544 Congm's

622 571 723 620 diei
744 573 807 619 28
829 571 997 620 Martii
1023 574 1159 619 1863.
1184 569 1261 632 (1)

682 656 744 705 In
766 656 974 705 Decreto
997 656 1082 712 VI,
1105 656 1205 703 EE.
1228 655 1322 702 ΡΡ.
1342 652 1623 716 judicarunt
1645 653 1817 702 minus
1838 657 2070 701 accurate

622 739 830 797 dictum,
860 739 991 803 quod
1030 739 1212 802 legitur
1246 739 1310 788 ad
1348 740 1540 787 calcem
1582 737 1760 801 capitis
1803 738 1842 795 Ι,
1882 737 2068 801 Dogma

623 825 771 889 itaque
793 824 1052 873 catholicum
1074 832 1138 871 est
1161 822 1406 887 Episcopos
1427 837 1554 871 suan
1592 837 1771 870 mvmo
1805 821 2069 886 presbyteris

622 910 867 973 superiores
920 926 1026 965 esse,
1069 924 1130 956 ac
1181 910 1433 970 jusserunt
1482 913 1537 955 ut
1581 906 1759 955 isthaec
1807 905 2074 970 propositio

628 993 997 1055 aliquantulum
1018 993 1317 1049 reformetur,
1340 990 1577 1040 adhibitis
1598 991 1774 1048 verbis,
1796 991 1978 1053 quibus
2014 990 2069 1039 in

626 1077 803 1127 eodem
844 1080 1089 1140 Dogmate
1135 1075 1433 1124 declarando
1476 1091 1595 1124 usus
1649 1081 1726 1125 est
1768 1074 2073 1124 Benedictus

627 1162 757 1210 XIV.
821 1162 895 1209 De
921 1161 1029 1225 Syn.
1053 1161 1197 1209 Dioec.
1219 1159 1318 1207 Lib.
1342 1159 1494 1216 XIII,
1517 1178 1614 1225 cap.
1644 1163 1687 1208 1.

679 1246 1018 1296 Attendentes
1040 1245 1246 1295 tandem
1269 1245 1371 1293 EE.
1396 1246 1566 1294 Patres
1598 1245 1662 1294 ad
1682 1245 1948 1293 Decretum
1987 1243 2076 1300 IX,

627 1334 714 1382 ubi
736 1334 898 1396 agitur
920 1334 975 1381 dc
997 1334 1125 1381 modo
1143 1332 1407 1398 providendi
1421 1332 1745 1381 necessitatibus
1763 1332 2073 1397 temporalibus

628 1417 948 1475 Ecclesiarum,
1002 1418 1362 1482 sacerdotumque
1413 1418 1721 1464 sustentationi
1772 1418 1820 1465 in
1881 1416 2075 1464 Canada

629 1500 871 1565 Superiori,
894 1517 1185 1563 quanquam
1216 1501 1338 1549 illud
1374 1502 1636 1565 approbare
1672 1517 1773 1550 non
1809 1501 2077 1557 renuerint,

627 1587 722 1638 sibi
754 1593 925 1636 tamen
962 1587 1016 1635 in
1056 1587 1183 1636 votis
1222 1603 1331 1636 esse
1370 1586 1614 1645 dixerunt,
1655 1593 1710 1635 ut
1749 1586 1983 1650 Episcopi
2020 1586 2076 1634 in

626 1674 846 1736 urgenda
867 1676 1012 1736 hujus
1036 1674 1232 1722 Decreti
1254 1674 1566 1722 observantia
1587 1690 1617 1723 a
1632 1673 1792 1723 nimia
1815 1672 2076 1725 severitate

628 1760 927 1816 abstineant,
951 1765 1001 1808 et
1022 1759 1239 1821 quadam
1263 1761 1427 1823 potius
1449 1760 1782 1809 moderatione
1806 1764 2024 1808 utantur.

690 1846 920 1906 Superest
955 1844 1102 1893 modo
1139 1850 1195 1893 ut
1216 1844 1276 1892 de
1300 1851 1508 1907 quatuor
1529 1845 1851 1908 petitionibus
1873 1844 2076 1893 nomine

631 1928 817 1991 Synodi
856 1928 1010 1976 SSmo
1032 1928 1144 1976 Dno
1168 1927 1265 1977 Nro
1298 1928 1443 1977 factis
1466 1928 1674 1977 breviter
1707 1927 1890 1977 dicam.
1936 1928 2077 1976 Duas

632 2029 694 2062 ex
739 2013 864 2069 istis,
910 2012 1103 2061 scilicet
1147 2013 1360 2075 primam
1404 2029 1487 2075 pro
1530 2011 1799 2061 obtinenda
1842 2012 2077 2060 facultate

629 2097 947 2162 impertiendi
969 2104 1105 2146 extra
1128 2098 1338 2147 Missam
1360 2097 1759 2146 benedictionem
1785 2097 2080 2160 nuptialem,

629 2190 679 2232 et
700 2190 926 2245 quartam
949 2198 1046 2244 qua
1068 2183 1323 2230 nonnulla}
1346 2183 1668 2245 indulgentiae
1686 2199 1767 2246 pro
1785 2182 2077 2245 quibusdam

631 2270 727 2333 piis
772 2269 1133 2318 Sodalitatibus
1166 2269 1553 2332 postulabantur,
1599 2270 1849 2317 Sanctitas
1885 2270 1984 2317 Sua
2017 2268 2079 2318 de

631 2354 841 2402 consilio
865 2354 913 2401 S.
938 2353 1164 2415 Congnis
1187 2352 1456 2401 clementer
1477 2353 1687 2416 excepit,
1708 2358 1848 2415 prout
1871 2354 2080 2402 Decreta

631 2437 714 2487 hic
759 2437 992 2501 adjuncta
1035 2437 1392 2486 demonstrant.
1427 2438 1601 2493 Quoad
1646 2437 1922 2486 secundam
1956 2439 2082 2501 peti-

631 2523 836 2579 tionem,
858 2538 970 2584 quae
1008 2522 1301 2570 facultatem
1336 2522 1534 2586 respicit
1567 2521 1836 2571 adhibendi
1874 2522 1928 2570 in
1961 2522 2081 2585 bap·

673 2748 725 2791 (1)
748 2748 831 2781 Vide
847 2748 943 2785 infra.
960 2759 991 2789 p.
1008 2748 1057 2790 78,
1085 2748 1214 2780 litteras
1231 2749 1270 2781 de
1286 2749 1406 2790 quib-:e
1421 2749 1522 2781 Eme:
1539 2749 1724 2783 Cardianus
1738 2750 1793 2782 hie
1819 2749 1978 2791 loquitur,
2004 2758 2083 2791 quaau

635 2792 768 2824 nonnisi
783 2796 916 2833 peracto
933 2792 997 2824 hoc
1011 2792 1110 2824 tertio
1125 2791 1275 2825 Concilio
1291 2794 1434 2833 acceptu
1448 2795 1543 2825 sunt.
