2412 3448
696 425 760 471 88
1100 440 1377 476 conatuum
1413 440 1749 480 avesnensis:

697 540 819 593 Fide
855 543 1062 593 nomina
1096 543 1406 593 sacerdotum
1440 543 1760 600 exhibebunt,
1798 558 1921 605 quos
1958 543 2142 606 dignos

697 631 847 689 atque
901 626 1108 676 idoneos
1160 627 1221 676 ad
1278 643 1462 676 munus
1514 627 1793 690 episcopale
1852 627 2139 677 obeundum

696 711 1103 762 existimaverint.
1166 710 1223 760 ld
1278 727 1391 760 vero
1433 710 1762 760 secretissime
1806 711 2140 773 praestabunt,

696 812 762 845 ne
784 797 904 845 sorte
927 796 1203 859 cujuspiam
1226 796 1434 845 ambitio
1456 795 1709 844 excitetur.

760 885 805 931 2.
838 882 900 932 In
935 882 1119 931 notulis
1151 881 1392 944 ejusmodi
1433 880 1756 930 conficiendis
1799 881 2021 930 maxima
2055 896 2143 944 pro

695 965 881 1015 viribus
902 971 1101 1014 utentur
1121 981 1254 1021 cura,
1292 971 1347 1013 ut
1382 964 1445 1012 de
1482 965 1806 1027 qualitatibus
1843 980 2012 1014 eorum
2051 965 2139 1027 qui

695 1050 1122 1106 commendantur.
1143 1051 1371 1100 certiores
1399 1051 1536 1099 fiant.

756 1138 801 1183 3.
836 1136 1005 1192 Quum
1027 1135 1193 1197 aliqua
1216 1134 1367 1183 Sedes
1397 1134 1643 1184 vacaverit
1681 1135 1786 1183 sive
1823 1134 2135 1197 Episcopalis

698 1219 804 1268 sive
859 1220 1254 1283 Metropolitana,
1325 1220 1594 1268 Antistites
1647 1235 1817 1267 omnes
1885 1218 1948 1268 ad
2013 1235 2140 1281 quos

693 1303 955 1367 pertinebit
977 1319 1174 1352 summo
1197 1303 1429 1352 Pontifici
1451 1303 1799 1352 commendare
1826 1304 1952 1352 viros
1974 1304 2136 1352 eccle-

692 1391 932 1447 siasticos,
955 1397 1010 1440 ut
1032 1406 1202 1439 eorum
1227 1406 1353 1438 unus
1375 1390 1577 1438 vacanti
1599 1389 1853 1437 Ecclesiae
1871 1405 2138 1452 praepona-

691 1480 785 1532 tur,
810 1475 862 1523 in
879 1474 1133 1537 Synodum
1154 1474 1308 1522 autin
1327 1474 1598 1536 specialem
1612 1479 1808 1521 coetum
1825 1473 2140 1529 convenient,

690 1565 746 1609 ut
767 1558 1189 1622 proponendorum
1213 1559 1479 1621 qualitates
1501 1557 1772 1606 discutiant
1795 1556 1855 1605 ad
1885 1557 2139 1606 tramitem

692 1648 1056 1704 Quaestionum
1096 1663 1223 1710 quae
1276 1647 1409 1696 hanc
1451 1647 1506 1696 in
1548 1662 1654 1695 rem
1696 1647 1826 1709 typis
1868 1646 2141 1709 impressae

691 1732 1032 1797 praesentibus
1054 1731 1229 1801 litteris
1251 1737 1575 1796 apponuntur.

756 1820 800 1865 4.
835 1818 1121 1879 Antequam
1163 1831 1278 1865 vero
1321 1815 1601 1879 praedictus
1638 1821 1914 1863 conventus
1958 1831 2141 1863 convo·-

692 1906 845 1958 eetur,
880 1899 943 1948 ad
964 1900 1406 1963 Archiepiscopum
1444 1900 1525 1948 vel
1566 1900 1811 1948 seniorem
1849 1900 2140 1949 Provinciae

695 1984 997 2047 Episcopum
1061 2000 1231 2033 eorum
1285 1984 1492 2034 nomina
1545 1984 1954 2041 transmittentur,
2016 2002 2143 2047 quos

696 2069 883 2131 singuli
905 2069 1169 2118 Antistites
1192 2069 1618 2119 commendandos
1639 2085 1752 2118 esse
1774 2071 2071 2133 putaverint.

758 2156 803 2201 5.
840 2152 1119 2209 Qualitates
1185 2153 1577 2203 candidatorum
1636 2154 1831 2216 publice
1886 2155 1939 2202 in
1992 2162 2138 2205 coetu

696 2237 1050 2301 Episcoporum
1070 2237 1411 2295 discutientur,
1432 2238 1739 2301 praesidente
1756 2240 2140 2304 Archiepiscopo

693 2324 772 2372 vel
817 2324 1009 2371 seniore
1053 2324 1340 2374 Provinciae
1396 2324 1668 2373 Antistite:
1735 2325 1967 2387 suffragia
2024 2342 2141 2376 vero

694 2413 881 2456 secreto
903 2408 956 2457 in
979 2423 1156 2456 urnam
1179 2408 1526 2458 immittentur.

753 2496 799 2540 6.
835 2493 961 2542 Acta
984 2492 1198 2555 denique
1231 2500 1508 2543 conventus
1532 2493 1593 2542 ad
1634 2495 1833 2543 Sacram
1857 2496 2135 2559 Congrega·

690 2577 880 2626 tionem
924 2576 984 2625 de
1023 2576 1340 2641 propaganda
1380 2578 1500 2627 Fide
1539 2579 1602 2627 ab
1640 2579 2021 2643 Archiepiscopo
2056 2582 2135 2630 vel

691 2662 933 2726 Episcopo
956 2663 1245 2713 Provinciae
1267 2664 1459 2713 seniore
1482 2663 1772 2713 deserentur.

752 2747 891 2797 Haec
930 2748 1048 2796 Tibi
1089 2764 1174 2810 per
1206 2765 1287 2809 me
1325 2749 1654 2811 significanda
1693 2759 1831 2800 erant
1868 2767 1931 2800 ex
1964 2757 2137 2801 mente

689 2830 736 2879 S.
758 2831 1183 2893 congregationis,
1227 2849 1434 2895 quorum
1473 2835 1704 2883 executio
1739 2835 2138 2899 Archiepiscopis
