2404 3448
549 417 609 463 40
940 427 1214 462 cononum
1240 424 1574 465 qunnscnnsn

547 532 901 595 spectatissimi
923 532 1154 586 existant,
1176 534 1476 577 censuerunt
1499 533 1644 588 atque
1665 524 1986 573 decreverunt

546 616 926 680 supplicandum
951 615 1208 664 Sanctitati
1234 616 1345 662 Suae
1380 629 1464 676 pro
1487 611 1804 661 concessione
1841 617 1988 659 certae

547 701 767 750 methodi
790 702 840 749 in
863 707 1110 764 posterum
1136 698 1385 747 servandae
1418 698 1469 745 in
1505 696 1746 744 electione
1783 695 1986 758 Episco-

545 804 718 851 porum
741 787 1038 837 Dioecesium
1062 785 1333 835 Provinciae
1357 783 1712 842 Quebecensis.

1074 995 1353 1028 DECRETUM
1386 995 1454 1028 vt.

926 1154 1035 1202 DE
1088 1152 1595 1201 EPISCOPIS

1132 1283 1376 1310 *nu-20·—

1049 1380 1214 1414 CAPUT
1249 1381 1453 1413 PRIMUM

751 1485 824 1532 De
846 1477 1062 1548 dig-*nitate
1084 1492 1126 1531 ee
1146 1485 1400 1531 auctoritate
1423 1482 1762 1547 Episcoporum.

1176 1615 1337 1633 ——ae—

607 1712 792 1774 Magna
813 1718 942 1761 certe
965 1711 1292 1773 sublimisque
1328 1711 1685 1775 Episcoporum
1721 1710 1945 1773 dignitas
1969 1712 1983 1759 ἔ

546 1798 689 1845 Hanc
723 1797 892 1846 Sancti
935 1797 1115 1853 Patres,
1156 1797 1489 1858 Doctoresque
1536 1795 1676 1844 miris
1730 1797 1984 1845 encomiis

544 1881 835 1937 extulerunt,
859 1896 958 1928 non
981 1879 1210 1942 equidem
1236 1880 1445 1943 alicujus
1469 1879 1771 1927 adulationis
1814 1869 1984 1937 causa,

548 1964 631 2013 sed
656 1965 811 2027 ipsius
832 1965 1104 2027 Religionis
1126 1965 1323 2021 intuitu,
1357 1981 1508 2027 quam
1534 1964 1809 2027 Episcopis,
1832 1965 1988 2014 veluti

548 2050 761 2112 quodam
782 2049 1119 2107 fundamento,
1141 2049 1311 2098 divina
1343 2050 1667 2112 dispositione
1700 2050 1852 2098 inniti·
1885 2067 1988 2099 cer-

547 2134 745 2183 nebant.
811 2134 1076 2197 Episcopos
1120 2135 1257 2182 enim
1290 2151 1398 2182 esse
1434 2134 1687 2196 Principes
1727 2135 1985 2194 Ecclesiae,

548 2219 892 2280 Apostolorum
915 2234 1244 2276 successores,
1279 2219 1539 2281 ipsiusmet
1562 2218 1747 2267 Christi
1781 2220 1988 2282 legatOS,

547 2301 731 2365 passim
754 2308 802 2350 et
824 2308 985 2363 aperte
1008 2300 1201 2350 docent.

610 2385 705 2435 Sed
728 2402 844 2433 cum
868 2385 1004 2434 hisce
1028 2386 1270 2434 luctuosis
1295 2386 1613 2448 temporibus,
1652 2403 1746 2435 non
1786 2395 1987 2438 tantum

547 2471 841 2533 dignitatem
896 2472 1265 2534 Episcoporum,
1308 2471 1393 2520 sed
1434 2478 1484 2520 et
1536 2479 1833 2534 potestatem
1881 2490 1987 2536 quae

548 2560 659 2609 fluit
712 2575 772 2608 ex
826 2559 1132 2622 plenitudine
1188 2560 1451 2609 sacerdotii
1504 2560 1557 2608 in
1612 2562 1682 2609 eis
1726 2562 1987 2620 residente,

550 2644 752 2707 quidam
795 2644 961 2693 hostes
1005 2645 1258 2702 Ecclesiae,
1302 2646 1558 2694 temerario
1603 2662 1727 2694 ausu
1766 2649 1987 2709 aggressi

549 2729 742 2785 fuerint,
765 2728 871 2777 haec
896 2728 1058 2792 Synod
1067 2746 1122 2777 us
1143 2736 1315 2778 censet
1337 2730 1564 2793 praeclara
1588 2747 1646 2779 ea
1669 2731 1729 2779 de
1753 2748 1803 2780 re
1828 2749 1987 2781 sacro-

550 2817 711 2866 sancti
734 2817 945 2865 Concilii
967 2816 1248 2866 Tridentini
1269 2818 1416 2867 verba
1450 2818 1503 2866 in
1544 2820 1837 2868 memoriam
1873 2835 1986 2869 esse
