2332 3352
1010 366 1346 402 »noviacum
1369 367 1450 403 ιιι.
1897 362 1956 409 13

501 476 662 527 vaetas,
695 474 747 519 et
768 484 875 531 quae
897 476 1099 532 possent
1119 469 1389 529 detrahere,-
1409 470 1492 520 vel
1513 474 1799 525 reverentiae
1827 476 1955 526 Con-

509 553 627 603 cilio
649 553 843 611 debitae,
866 553 946 602 vel
968 553 1142 603 honori
1164 555 1381 617 cujusvis
1402 570 1638 618 personae.

573 639 803 689 Tandem
824 639 1044 689 indicata
1068 640 1165 689 suit.
1181 641 1341 705 prima
1379 642 1551 698 sessio,
1589 641 1671 690 die
1710 647 1955 707 sequenti,

507 713 627 775 hora
650 742 781 778 nona
802 731 918 778 ante
943 725 1218 784 meridiem,
1243 725 1489 775 habenda.

573 810 718 858 Tune
742 808 905 857 finem·
928 809 1102 858 habuit
1129 811 1287 874 prima
1321 810 1655 874 Congregatio
1690 814 1953 875 generalis,

508 891 641 943 dieta
663 893 882 942 oratione
909 893 1001 941 Sub
1023 902 1158 952 tuum,
1181 900 1276 943 etc.

854 1032 1063 1081 Secunda
1089 1033 1394 1099 Congregatio
1411 1034 1609 1099 privata.

572 1149 760 1200 Eadem
783 1149 878 1208 die,
914 1150 1034 1200 hora
1057 1166 1187 1199 nona
1210 1157 1321 1215 post
1342 1151 1619 1210 meridiem,
1654 1156 1955 1206 conveniunt

507 1234 662 1284 iidem
680 1235 791 1283 Rmi
811 1236 1010 1294 Patres13
1043 1242 1091 1283 et
1110 1236 1310 1299 insuper
1331 1236 1447 1285 Rmi
1467 1237 1575 1285 DD.
1620 1237 1688 1286 Sti
1709 1239 1955 1290 Bonisacii

508 1320 661 1383 Epus,
675 1319 955 1370 Alexander
967 1320 1151 1379 Tacho,
1171 1337 1230 1370 ac
1246 1321 1379 1388 Epus
1393 1322 1713 1382 Torontiuus,
1731 1325 1760 1372 J
1763 1339 1953 1376 oannes

507 1406 701 1470 Lynch.

573 1491 913 1541 Admittuntur
934 1497 988 1541 ut
1011 1491 1226 1554 theologi
1249 1498 1300 1541 et
1321 1492 1586 1542 canonistae
1610 1509 1624 1542 ε

575 1578 615 1623 1.
648 1576 764 1624 Rmi
799 1577 908 1624 DD.
947 1577 994 1624 S.
1031 1575 1276 1625 Bonifacii
1323 1577 1572 1640 Episcopi,
1625 1577 1744 1626 Rev.
1780 1579 1953 1630 Petrus

507 1660 709 1717 Aubert,
745 1659 997 1722 theologiae
1032 1661 1227 1718 Doctor,
1262 1662 1659 1724 congregationis
1692 1663 1954 1715 missionu-

506 1744 687 1793 riorum
709 1745 997 1794 Oblatorum
1031 1746 1564 1796 Mariaelmmaculatae
1597 1748 1860 1812 presbyter,
1893 1768 1953 1801 ae

507 1828 730 1891 Superior
771 1827 1012 1878 dictorum
1057 1828 1364 1887 oblatorum,
1408 1831 1735 1894 Marianopoli
1772 1832 1954 1895 degen-

506 1914 648 1971 tium,
692 1920 743 1963 et
779 1914 898 1962 Rev.
942 1915 1001 1962 D.
1047 1914 1270 1962 Thomas
1314 1915 1482 1979 Pepin,
1529 1918 1751 1979 paroeciae
1797 1920 1953 1969 Sacrae

507 1998 746 2053 Familiae,
769 1999 914 2060 vulgo
931 1997 1254 2057 Boucherville,
1276 2000 1518 2063 parochus
1545 2016 1560 2059 3

570 2083 615 2129 2.
648 2081 764 2130 Rmi
819 2082 926 2130 DD.
978 2081 1241 2131 Torontini
1309 2083 1417 2146 Epi,
1484 2083 1770 2134 Admodum
1834 2087 1951 2136 Rev.

507 2167 728 2215 Joarmes
781 2166 966 2225 Walsh‚
1009 2167 1237 2216 Viearius
1277 2167 1551 2226 Generalis,
1590 2185 1618 2217 a
1666 2171 1750 2219 Sta
1794 2172 1952 2223 Maria

506 2252 766 2315 parochus,
803 2268 863 2301 ae
896 2253 1012 2300 Rev.
1050 2252 1287 2316 Georgius
1310 2252 1583 2303 Rich-ardus
1607 2255 1952 2320 Northgraves,

508 2335 804 2385 cathedralis
825 2336 1043 2386 ecelesiae
1066 2338 1341 2386 Torontinae
1363 2339 1553 2387 Rector.

574 2421 817 2471 Statuitur
847 2423 965 2470 Rev.
1003 2424 1056 2471 P.
1082 2423 1266 2472 Aubert
1296 2424 1581 2473 addendum
1619 2440 1728 2474 esse
1764 2430 1953 2479 caeteris

508 2506 781 2556 canonistis
837 2508 944 2569 jam
999 2508 1273 2558 nominatis
1335 2524 1420 2572 pro
1479 2510 1844 2575 congregatione
1897 2515 1953 2563 de

508 2590 727 2639 Doctrina
745 2610 765 2647 ‚·
803 2591 1073 2641 admodum
1093 2593 1209 2641 Rev.
1228 2593 1477 2642 Joannem
1495 2594 1667 2643 Walsh
1687 2601 1735 2644 et
1753 2597 1868 2645 Rev.
1891 2599 1951 2647 T.

510 2675 682 2739 Ρερῐη,
716 2692 798 2740 pro
833 2676 1193 2741 (long-rogatione
1237 2677 1293 2725 de
1332 2676 1587 2743 Disciplina
1611 2698 1632 2735 ,·
1669 2665 1728 2728 et.
1750 2681 1869 2730 Rev.
1891 2683 1953 2735 G.

509 2759 856 2825 Northgraves,
874 2779 957 2828 pro
983 2763 1343 2827 Congregatione
1364 2764 1420 2813 de
1443 2763 1670 2830 Licurgi«.
