2412 3432
1090 413 1366 447 CONCILIUM
1392 413 1719 455 QUEBEonNsn

1154 622 1670 671 METHODUS

694 788 740 817 m
769 787 991 816 ELECTIONE
1018 782 1300 814 EPISOOPORUM
1325 784 1557 813 DIOEGESIUM
1585 784 1908 816 FOEDERATARUM
1936 786 2135 817 AMERIOAE

926 859 1291 890 SEPTENTRIONALIS
1317 858 1636 888 PROVINCIARUM
1663 860 1898 890 SERVANDA.

753 1015 923 1069 Quum
946 1011 1008 1060 ad
1032 1010 1316 1058 Catholicae
1340 1009 1594 1057 Ecclesiae
1618 1009 1887 1059 utilitatem
1905 1016 2052 1073 atque
2067 1011 2132 1060 ad

691 1099 971 1147 animarum
995 1096 1207 1143 salutem
1229 1093 1614 1156 promovendam
1637 1095 1709 1142 nil
1733 1096 1895 1157 magis
1914 1097 2131 1146 conferre

691 1189 994 1246 compertum
1018 1182 1096 1236 sit,
1132 1196 1281 1242 quam
1319 1186 1373 1227 ut
1407 1180 1674 1228 Dominico
1708 1182 1842 1243 gregi
1879 1198 2131 1231 sacrorum

691 1268 952 1316 Antistites
996 1265 1216 1313 doctrina
1270 1280 1327 1311 ac
1383 1263 1644 1326 prudentia
1687 1264 1913 1326 insignes
1957 1266 2128 1328 praefi-

689 1354 895 1409 ciantur,
930 1351 1110 1399 idcirco
1146 1351 1191 1397 S.
1228 1348 1378 1396 Sedes
1413 1349 1658 1411 peculiare
1697 1351 1872 1411 quovis
1910 1356 2128 1413 tempore

688 1437 908 1485 studium
933 1435 984 1482 in
1011 1433 1209 1495 negotio
1231 1433 1488 1480 electionis
1512 1433 1863 1495 Episcoporum
1888 1433 2128 1483 adhiben-

686 1522 802 1571 dum
829 1521 1031 1568 curavit.
1098 1520 1261 1575 Quam
1287 1518 1453 1579 utique
1488 1518 1543 1566 in
1577 1533 1678 1566 rem
1718 1519 2120 1581 sapientissimae

683 1612 855 1655 extant
910 1605 1180 1653 canonicae
1225 1603 1523 1659 sanctiones,
1582 1603 1746 1651 variae
1797 1603 1999 1665 quidem
2040 1620 2127 1667 pro

682 1693 916 1741 varietate
960 1697 1237 1752 temporum
1281 1704 1339 1735 ac
1384 1688 1657 1748 regionum,
1719 1695 1772 1736 at
1826 1690 2126 1751 specialibus

683 1792 875 1838 semper
908 1780 954 1821 et
991 1780 1265 1835 temporum
1300 1778 1349 1819 et
1385 1772 1608 1819 locorum
1632 1771 1877 1833 adjunctis
1900 1788 2125 1821 accomo-

683 1862 842 1909 datae.
907 1859 989 1906 Nil
1025 1859 1173 1919 igitur
1207 1856 1390 1905 mirum
1426 1856 1469 1904 si
1502 1872 1586 1919 pro
1622 1857 1880 1905 foederatis
1904 1858 2124 1907 Statibus

683 1945 941 1994 Americae
983 1942 1215 1998 Bmealis,
1256 1941 1334 1989 ubi
1375 1956 1533 1989 novae
1571 1943 1760 2004 passim
1800 1943 2123 1992 efformantur

680 2030 904 2077 civitates
920 2042 1171 2087 novaeque
1190 2024 1391 2088 proinde
1412 2033 1568 2073 tractu
1585 2027 1819 2089 temporis
1838 2028 2122 2086 Dioeceses,

679 2132 734 2163 ac
780 2113 1067 2162 Provinciae
1108 2111 1492 2159 Ecclesiasticae
1532 2111 1872 2168 instituuntur,
1914 2113 2122 2162 Sacrum

679 2198 956 2247 Consilium
982 2196 1261 2243 Christiano
1286 2195 1490 2243 Nomini
1513 2195 1832 2257 Propagando
1849 2204 2120 2259 opportuna

675 2282 808 2331 haud
833 2281 1004 2329 multis
1027 2279 1209 2327 abhinc
1234 2280 1380 2326 annis
1434 2279 1638 2327 ediderit
1677 2281 1898 2338 Decreta,
1938 2283 2119 2343 quibus

677 2368 800 2415 tales
845 2364 1140 2425 eligerentur
1178 2379 1259 2425 pro
1297 2364 1590 2411 vacantibus
1629 2364 1829 2413 sedibus
1870 2366 2117 2430 Episcopi,

677 2452 847 2514 quales
901 2448 1025 2497 inibi
1068 2449 1340 2496 catholicae
1396 2450 1667 2512 Religionis
1712 2457 1867 2500 status
1913 2453 2118 2515 ejusque

675 2537 722 2583 in
749 2535 856 2582 dies
880 2549 1158 2596 progressus
1184 2549 1241 2580 ac
1266 2532 1487 2581 dilatatio
1521 2535 1828 2595 postularent.
1894 2535 1958 2584 Et
1996 2553 2117 2584 sane

674 2619 930 2668 laudatum
947 2620 992 2666 S.
1013 2618 1292 2665 Consilium
1315 2617 1394 2665 die
1422 2620 1480 2665 18
1498 2619 1661 2667 Martii
1685 2622 1818 2676 1834,
1844 2619 2113 2669 Decretum

673 2704 826 2753 edidit
870 2721 1000 2767 super
1043 2702 1240 2749 methodo
1280 2704 1496 2750 servanda
1541 2705 1586 2750 in
1618 2704 1941 2768 Episcoporum
1975 2705 2114 2753 Dioe-

674 2790 833 2836 cesium
892 2786 1233 2845 foederatarum
1309 2788 1542 2834 Ameria-ae
1599 2788 1721 2852 Sep't.
1778 2788 2115 2836 Provinciamm

674 2873 890 2928 electione,
913 2888 973 2933 qr·
999 2870 1042 2919 ld
1068 2868 1140 2919 sic
1166 2888 1218 2919 se
1242 2871 1405 2920 habet.
