2320 3352
966 367 1299 403 novaculam!
1321 368 1398 403 m.

782 586 1139 638 RESPONSIO
1171 587 1576 640 CARDINALIS

550 769 688 804 Hamis
727 770 780 802 Ao
815 771 914 802 mus
949 772 1119 804 nomme
1154 772 1355 803 macons
1389 772 1712 815 ommmcsmus,
1754 776 1826 810 em

631 847 855 876 mamm
872 848 1029 878 sumno
1045 848 1311 878 Pnovmoxm
1328 849 1581 883 QUEBEOERBI
1606 851 1747 881 mmu-

737 923 941 964 numm,
960 923 1147 953 snum
1163 924 1384 954 nmmum
1401 925 1448 954 IN
1465 925 1636 956 Domo.

536 1062 667 1110 Cum
706 1061 1026 1118 multatim,
1065 1061 1201 1111 Illtni
1222 1078 1280 1112 ao
1317 1062 1434 1111 ani
1470 1063 1690 1122 Domini,
1728 1066 1908 1130 quibus

470 1146 669 1196 infinita
683 1147 888 1197 Bonitas
899 1146 992 1197 Dei
1002 1147 1158 1196 nostri
1174 1147 1380 1196 exilium
1395 1153 1620 1198 nostrum
1634 1148 1788 1200 identi
1807 1151 1818 1170 ¹
1859 1168 1910 1201 m

472 1231 766 1289 eonsoiatur,
818 1238 929 1282 tum
982 1247 1081 1281 non
1123 1231 1391 1281 minimum
1435 1233 1665 1282 existimo
1714 1234 1911 1284 Divinae

472 1316 819 1366 misericordiae
841 1317 1140 1366 beneficium
1162 1316 1348 1366 litteras
1369 1317 1552 1365 amoris
1579 1318 1767 1381 plenas,
1801 1333 1911 1382 quoe

472 1418 628 1466 nuper
648 1418 679 1451 a
699 1403 856 1453 Vobis
879 1404 1047 1453 missae
1070 1408 1188 1451 sunt
1218 1400 1280 1450 ad
1314 1418 1411 1459 me,
1446 1409 1497 1452 et
1530 1409 1718 1453 ceteros
1754 1404 1910 1455 Italioe

474 1488 746 1551 Episcopus
788 1489 843 1538 in
885 1488 1034 1537 exilio
1077 1487 1326 1550 degentes.
1391 1488 1498 1550 Ego
1537 1488 1770 1551 equidem
1807 1506 1911 1540 non

474 1573 630 1622 semel
644 1588 731 1621 eas
746 1588 866 1622 eum
883 1588 1068 1635 magna
1082 1572 1239 1621 animi
1257 1572 1358 1621 mei
1378 1571 1627 1636 voluptate
1641 1574 1843 1638 perlegi,
1859 1581 1910 1625 et

474 1657 539 1707 ad
560 1658 684 1707 alios
718 1658 947 1721 Collegas
968 1673 1106 1706 meos
1140 1656 1408 1706 mittendas
1444 1658 1628 1716 curavi,
1660 1659 1747 1722 qui
1781 1667 1910 1710 certe

476 1760 578 1793 non
598 1745 843 1795 minorem
865 1743 980 1793 inde
1002 1743 1160 1793 animi
1173 1742 1564 1792 consolationem
1580 1751 1910 1807 perceperunt.

477 1830 641 1878 Immo
663 1829 817 1878 etiam
852 1828 1009 1892 ipsius
1046 1826 1360 1876 Sanctissimi
1396 1826 1601 1875 Domini
1636 1827 1804 1877 Nostri
1835 1828 1914 1878 Pii

477 1913 664 1962 oeulis--
690 1913 912 1976 subjeci:
974 1911 1119 1973 Isque
1172 1910 1433 1959 sententiis
1476 1910 1663 1959 Vestris
1707 1911 1914 1961 mirifice

477 1995 752 2046 delectatus
776 2001 867 2052 est,
902 2001 954 2044 et
973 1994 1089 2051 Vos,
1121 1999 1172 2043 et
1195 1993 1380 2042 Vestrae
1400 1993 1656 2042 charitatis
1691 1994 1913 2044 studium

478 2081 808 2146 amplissimis
833 2080 993 2129 verbis
1015 2076 1328 2128 collaudavit.

542 2165 676 2224 Quid
697 2173 868 2215 autem
890 2181 998 2228 ego,
1021 2171 1129 2213 tum
1148 2164 1351 2212 nomine
1371 2179 1497 2221 meo,
1520 2168 1629 2212 tum
1642 2170 1915 2213 ceterorum

480 2250 638 2299 Italiae
682 2249 1038 2313 Episcoporum
1091 2246 1393 2310 respondebo
1445 2246 1615 2304 Vobis,
1667 2247 1804 2296 lumi
1855 2264 1915 2297 ae

480 2335 595 2384 Rmi
631 2335 881 2384 Domini?
945 2334 1168 2383 Primum
1207 2332 1407 2395 quidem
1430 2332 1599 2391 Vobis,
1635 2349 1720 2397 pro
1743 2334 1916 2384 merito

480 2419 535 2468 in
558 2435 650 2477 nos
672 2419 862 2476 Vestro,
884 2418 1070 2480 gratias
1088 2417 1246 2466 habeo
1267 2432 1419 2479 quam
1457 2416 1718 2465 maximas.
1783 2416 1918 2474 Quid·

480 2504 617 2553 enim
640 2503 838 2552 dulcius
875 2502 1035 2560 nobis,
1071 2499 1190 2564 quid
1228 2501 1504 2565 exoptatius
1541 2501 1594 2550 in
1616 2501 1711 2551 hae
1734 2512 1918 2566 tempo·

482 2604 591 2638 rum
615 2595 890 2638 nostrorum
915 2586 1202 2636 calamitate
1224 2585 1447 2635 accidere
1480 2586 1732 2650 potuisset,
1767 2602 1919 2649 quam

482 2673 749 2732 eharitatis,
786 2679 839 2723 et
857 2672 1217 2722 benevolentiae
1240 2671 1427 2720 Vestrae
1449 2671 1666 2720 officium
1687 2670 1709 2719 t
1774 2671 1921 2728 Quod

483 2776 543 2809 eo
596 2760 758 2822 magis
811 2774 904 2808 nos
956 2761 1252 2813 commovet,
1316 2771 1412 2819 quo
1464 2755 1634 2819 majori
1699 2756 1921 2806 locorum
