2396 3416
609 384 669 430 70
1008 396 1289 430 cononum
1312 395 1647 439 guasconum

608 500 817 558 censuit,
854 516 964 562 quae
997 516 1027 551 a
1064 501 1218 549 SSmo
1256 501 1315 548 D.
1340 499 1400 550 N.
1421 499 1699 561 probaretur
1718 504 1769 553 et
1791 499 2051 554 confirma-

607 591 752 643 retur,
796 585 926 647 quod
969 585 1170 647 quidem
1213 600 1243 634 a
1286 584 1332 634 S.
1380 583 1479 632 Sua
1523 584 1738 646 benigne
1782 584 2051 646 praestitum

606 670 777 726 fuisse,
799 685 860 719 ex
882 669 1069 732 adjecto
1092 670 1300 722 Decreto
1322 668 1611 730 comperies.

671 754 780 803 Etsi
801 769 912 803 vero
933 753 1025 802 hoc
1049 753 1314 802 Decretum
1336 752 1620 806 absolutam
1641 752 1860 814 praeferat
1880 768 2050 815 appro-

611 840 875 898 bationem,
932 838 1127 896 silentio
1169 844 1339 888 tamen
1383 837 1776 900 praetereundum
1832 853 1931 892 non
1975 843 2053 887 est

609 924 850 973 nonnulla
893 924 997 971 sive
1045 923 1098 971 in
1147 922 1300 979 Actis,
1355 923 1462 971 sive
1504 924 1555 971 in
1605 923 1794 985 Synodi
1828 923 2051 978 Decretis

609 1009 875 1065 occurrisse
920 1024 1027 1069 quae
1067 1008 1287 1069 aliquam
1327 1008 1738 1064 observationem,
1776 1009 1855 1056 vel
1895 1009 2050 1062 etiam

607 1092 1007 1143 emendationem
1064 1092 1237 1142 mereri
1292 1092 1338 1140 S.
1406 1092 1734 1154 Congregatio
1793 1092 2051 1154 Judicavit,

607 1193 807 1240 quaeque
861 1193 944 1240 per
985 1193 1064 1226 me
1125 1176 1243 1234 Tibi
1302 1177 1664 1227 communicari
1727 1177 1898 1233 voluit,
1966 1192 2051 1239 pro

605 1268 737 1310 certo
758 1261 945 1309 habens
968 1260 1289 1312 Canadense·
1312 1261 1443 1322 Epos
1465 1266 1514 1310 et
1537 1261 1712 1309 libenti
1751 1261 1922 1314 animo
1962 1261 2051 1315 illa

606 1361 716 1393 esse
760 1350 1060 1406 excepturos,
1114 1349 1163 1392 et
1201 1345 1344 1405 juxta
1391 1360 1451 1392 ea
1494 1345 1787 1407 praescriptis
1830 1345 1884 1393 in
1927 1345 2052 1398 locis

607 1428 791 1492 Synodi
865 1431 1073 1481 Decreta
1137 1435 1410 1490 antequam
1483 1430 1867 1492 promulgentur,
1939 1446 2050 1478 esse

604 1514 957 1562 reformaturus.

668 1609 795 1655 Acta
818 1606 1059 1670 imprimis
1081 1606 1211 1669 quod
1235 1608 1429 1665 attinet,
1451 1608 1550 1657 duo
1572 1609 1888 1671 potissimum
1908 1610 1962 1658 in
1984 1610 2048 1657 iis

604 1698 773 1741 notata
795 1693 942 1747 fuere,
965 1692 1203 1740 nimirum
1230 1695 1269 1739 1.
1303 1692 1357 1740 in
1379 1698 1482 1741 tota
1505 1693 1818 1748 Quebecensi
1848 1694 2049 1742 Provin-

602 1779 698 1834 cia,
741 1777 783 1824 si
837 1793 938 1825 una
991 1777 1265 1839 excipiatur
1301 1778 1543 1826 Dioecesis
1583 1778 2047 1841 Marianopolitana,

603 1863 744 1923 cujus
785 1860 1071 1924 Capitulum
1109 1859 1451 1912 Primicerium
1495 1877 1644 1910 suum
1683 1862 1747 1910 ad
1788 1862 2049 1926 Synodum

604 1947 871 2009 deputavit,
884 1946 1075 1995 nullum
1089 1945 1226 1994 aliud
1235 1952 1427 1995 exstare
1439 1946 1732 1995 Cathedrale
1745 1928 2049 2010 Capitulum,

603 2031 697 2079 etsi
720 2036 912 2080 constet
934 2031 1038 2091 ejus
1061 2030 1275 2092 regionis
1299 2031 1445 2093 Epos,
1464 2031 1569 2093 jam
1592 2032 1654 2079 ab
1678 2048 1810 2079 anno
1835 2035 1971 2089 1851,
1995 2034 2050 2084 in

603 2117 761 2180 prima
782 2117 919 2163 Prov.
943 2115 1138 2178 Synodo
1161 2122 1484 2177 congregatos
1507 2116 1798 2166 facultatem
1828 2117 2049 2180 erigendi

606 2201 836 2263 Capitula
874 2199 1035 2250 enixis
1073 2199 1300 2262 precibus
1338 2216 1370 2247 a
1410 2201 1455 2248 S.
1496 2199 1621 2248 Sede
1655 2201 1961 2263 impetrasse,
2000 2208 2051 2249 et

605 2286 923 2336 Pontificium
966 2285 1219 2333 Indultum
1273 2286 1367 2333 hac
1422 2285 1471 2333 in
1530 2301 1579 2332 re
1633 2285 1910 2334 obtinuisse
1966 2303 2050 2349 per

606 2373 796 2438 Literas
819 2373 910 2434 Ap.
932 2371 985 2419 in
1007 2371 1162 2418 forma
1185 2371 1356 2418 Brevis
1380 2370 1430 2417 in
1470 2370 1697 2431 sequenti
1735 2386 1868 2418 anno
1907 2370 2049 2420 datas

604 2456 686 2505 die
736 2459 794 2503 16
838 2456 971 2503 Julii.
1021 2458 1065 2502 2.
1102 2457 1162 2504 In
1198 2455 1677 2517 Congregationibus
1720 2456 1921 2518 privatis
1961 2458 2051 2513 III,

605 2542 650 2589 V
706 2546 756 2588 et
798 2541 883 2597 IX,
920 2556 1009 2588 nec
1047 2556 1147 2588 non
1184 2540 1238 2588 in
1282 2539 1597 2601 generalibus
1634 2540 1681 2587 II
1725 2546 1775 2588 et
1818 2541 1901 2597 IV,
1954 2557 2049 2589 nec

604 2641 805 2690 paucae,
859 2641 951 2673 nec
1006 2625 1131 2674 levis
1176 2626 1419 2673 momenti
1474 2626 1773 2695 quaestiones
1833 2629 2048 2690 agitatas

605 2711 772 2767 fuisse,
811 2726 887 2759 ex.
912 2727 979 2772 gr.
1049 2711 1174 2767 Quid
1194 2711 1530 2775 intelligendum
1553 2710 1667 2759 hisce
1689 2713 1947 2776 temporibus
1965 2730 2049 2778 per

604 2798 777 2848 verbum
806 2797 952 2846 Usura
977 2800 1001 2845 ?
1055 2800 1145 2856 Qui
1177 2799 1488 2848 considerandi
1524 2800 1611 2847 sint
1631 2801 1838 2859 usurarii,
1876 2801 2052 2866 etquid
