2332 3336
0 481 64 514 ne

0 767 66 811 ite

0 847 67 894 *ni

0 947 66 979 no

0 1017 67 1066 ori

0 1117 66 1149 no

0 1227 2 1231 ,
11 1189 67 1232 nt

14 1458 64 1501 et

0 1636 62 1669 ne

0 1722 62 1754 ΠΟ

0 1874 62 1923 [bi

1003 356 1346 392 rnovmounn
1370 358 1445 393 111.
1893 354 1951 403 15

567 456 733 506 Primo
770 458 1154 522 promulgantur,
1192 467 1240 510 et
1277 463 1607 525 approbantur
1638 482 1670 514 a
1708 466 1951 529 Patribus,

504 545 623 592 cuth
646 545 948 593 caeremoniis
971 546 1148 603 solitis,
1172 547 1432 610 sequentia
1453 547 1647 600 decreta
1667 566 1680 598 ε

569 630 610 675 1.
635 628 708 675 De
731 628 991 690 aperienda
1016 629 1217 692 Synodo
1232 613 1249 688 ’ς

563 714 609 759 2.
634 713 708 760 De
732 712 878 761 modo
901 714 1099 781 vivendi
1122 716 1177 764 in
1200 714 1426 765 Concilio
1449 732 1465 775 3

553 800 610 858 ί3.
636 797 708 845 De
730 798 1027 860 professione
1048 800 1180 849 fidei.

564 878 710 929 Hanc
736 882 1087 943 professionem
1110 883 1226 933 fidei
1250 882 1457 933 mandat
1480 884 1658 954 Illmus
1692 903 1751 937 ac
1785 888 1946 940 Rmus

500 962 884 1013 Administrator
909 982 950 1021 ¹a
986 967 1259 1025 secretario,
1282 984 1309 1016 e
1349 975 1599 1031 suggestu,
1624 972 1786 1021 altiori
1806 960 1942 1022 vvoce

500 1048 708 1097 recitari.
745 1050 855 1105 Quo
869 1050 1013 1106 facto,
1031 1051 1326 1112 genuflexus
1342 1051 1461 1114 ipse,
1475 1069 1782 1116 manumque
1798 1073 1947 1119 supra

501 1139 677 1181 sancta
729 1134 988 1196 evangelia
1029 1136 1303 1198 imponens,
1359 1137 1623 1187 formulam
1673 1142 1946 1202 juramenti

498 1224 711 1281 praestat.
730 1219 888 1276 Tunc,
903 1227 1132 1282 surgente
1147 1221 1283 1269 Illmo
1298 1238 1358 1269 ac
1374 1222 1500 1270 Rmo
1517 1222 1944 1284 Admi'nistratore,

497 1305 744 1360 accedunt
766 1306 873 1354 Rmi
887 1306 1182 1363 Alexander,
1200 1308 1272 1356 Sti
1294 1308 1543 1357 Bonifacii
1562 1310 1695 1372 Epus
1710 1326 1730 1368 3¹
1746 1312 1950 1375 Joseph,

499 1389 569 1438 Sti
594 1390 867 1453 Hyacinthi
891 1390 1025 1452 Epus
1049 1406 1062 1447 3
1094 1390 1332 1447 Joannes‚
1358 1392 1756 1462 Hatniltonensis
1775 1395 1944 1458 Epus;

496 1474 670 1522 Petrus
708 1474 980 1535 Adolphus,
1032 1475 1416 1524 Sandovicensis
1454 1477 1588 1538 Epus
1610 1493 1624 1535 3
1679 1477 1940 1528 Eduardus

495 1559 732 1616 joannes,
749 1558 1159 1620 Kingstoniensis
1178 1559 1312 1621 Epus
1332 1575 1345 1616 ;
1379 1560 1612 1615 Joannes,
1637 1561 1941 1612 Torontinus

497 1644 671 1706 Epus3
706 1644 791 1705 qui
828 1636 858 1691 a
891 1650 1107 1705 tempore
1139 1643 1305 1691 ultimi
1331 1644 1546 1692 Concilii
1580 1645 1642 1693 ad
1664 1645 1758 1694 has
1794 1635 1940 1696 sedes

494 1729 705 1792 promoti
747 1729 939 1777 fuerant
962 1746 975 1784 ς
1040 1735 1090 1776 et
1128 1728 1465 1791 unusquisque
1522 1736 1635 1778 ante
1679 1732 1942 1793 praesidem

494 1813 803 1876 genuflexus,
827 1828 1091 1874 manuque,
1115 1813 1263 1861 sicuti
1285 1813 1392 1875 ipse
1415 1813 1544 1869 fecit,
1567 1814 1629 1861 ad
1656 1816 1940 1878 evangelio-

494 1913 607 1946 rum
630 1898 809 1946 librum
832 1897 1067 1959 apposita,
1089 1896 1241 1945 fidem
1264 1912 1412 1945 suam
1443 1899 1727 1960 juramento
1762 1900 1940 1949 eadem

495 1982 707 2030 formula
722 1982 1001 2030 confirmat.

557 2065 753 2114 Deinde
796 2065 1030 2113 indicitur
1067 2064 1289 2113 secunda
1346 2066 1500 2113 sessio
1556 2066 1786 2124 Concilii,
1828 2084 1939 2130 quae

495 2149 727 2198 habenda
749 2156 825 2197 est
846 2149 964 2197 feria
986 2149 1175 2211 quinta,
1199 2148 1450 2202 incidente
1474 2150 1527 2197 in
1558 2150 1691 2199 diem
1711 2158 1940 2201 octavam

496 2234 837 2290 Ascensionis,
861 2233 939 2281 die
981 2234 1170 2282 scilicet
1202 2234 1440 2296 vigesima
1476 2234 1633 2296 prime,
1666 2237 1941 2297 praesentis

495 2318 700 2375 mensis,
735 2318 847 2374 nisi,
870 2334 952 2380 pro
977 2318 1118 2366 rebus
1153 2316 1367 2366 Concilii
1390 2305 1514 2366 hene
1533 2318 1777 2380 gerendis,
1800 2320 1936 2369 aliud

493 2402 769 2451 conducere
792 2401 1029 2450 videatur.

556 2486 787 2534 Tandem
810 2486 1155 2534 benedictione
1179 2486 1393 2535 solemni
1429 2488 1491 2534 ab
1530 2487 1676 2535 Illmo
1715 2503 1772 2535 ac
1809 2488 1939 2537 Rmo

495 2571 913 2628 Administratore,
927 2572 1055 2620 clero
1072 2588 1133 2620 ac
1150 2572 1329 2634 populo
1359 2571 1619 2634 impertita,
1641 2589 1722 2620 orn
1731 2589 1816 2621 nes
1832 2590 1939 2637 pro-

495 2657 849 2713 cessionaliter,
872 2656 1133 2713 eovordine
1169 2672 1265 2718 quo
1288 2654 1606 2713 advenerant,
1629 2655 1693 2706 ad
1730 2656 1938 2707 domum

495 2745 971 2808 archiepiscopalem
993 2743 1230 2806 recedunt
1253 2744 1302 2793 in
1327 2759 1462 2806 pace.
