2348 3384
475 379 532 425 18
871 385 1156 422 cononum
1181 384 1514 427 namucensi:

469 494 642 546 omnia
662 494 872 542 Decreta
893 507 924 540 a
948 490 1036 540 Sta
1058 488 1184 539 Sede
1202 492 1502 548 emanantia,
1535 490 1736 553 vigeant
1749 492 1804 542 in
1822 491 1916 544 hac

467 578 740 635 Provincia,
763 592 863 626 non
885 581 1082 624 tantum
1099 574 1161 623 de
1174 575 1295 639 jure,
1318 575 1402 624 sed
1424 575 1486 624 de
1493 574 1643 638 facto.
1675 576 1755 639 (l)

529 665 663 713 Hora
687 667 829 711 sexta
860 675 978 709 cum
1010 657 1233 716 dimidia,
1272 659 1401 709 facta
1424 660 1658 718 oratione,
1680 660 1917 712 recedunt

463 751 646 800 Patres,

841 872 980 921 Sexta
1017 872 1327 937 Congregatio
1343 874 1537 938 privata.

527 1005 757 1061 sabbate,
778 1003 858 1051 die
880 1001 1077 1050 decima
1118 1008 1260 1050 sexta
1295 1002 1433 1060 Maii,
1473 1003 1591 1051 hora
1628 1019 1763 1053 nona
1793 1009 1910 1053 ante

465 1090 741 1145 meridiem,
764 1085 1071 1136 conveniunt
1101 1085 1284 1134 Patres.

520 1177 777 1238 Leguntur
796 1176 845 1219 et
867 1169 1198 1218 admittuntur
1229 1176 1344 1218 acta
1366 1169 1752 1233 proecedentium
1771 1172 1906 1221 Con-

460 1258 803 1322 gregationum
832 1254 1150 1317 privatarum.

523 1344 646 1393 Haec
671 1339 932 1402 sequentia
954 1343 1239 1387 statuuntur
1263 1353 1276 1385 ε

523 1433 567 1477 1.
603 1424 933 1488 Congregatio
978 1424 1223 1486 generalis
1277 1423 1553 1482 habebitur,
1605 1425 1728 1475 hora
1759 1427 1906 1477 tertia

455 1519 566 1577 post
588 1509 847 1560 meridiem
871 1526 886 1565 3

520 1599 566 1645 2.
601 1593 707 1643 Rmi
729 1594 914 1648 Patres,
949 1597 997 1640 et
1035 1591 1268 1655 theologi,
1310 1593 1538 1655 sequenti
1575 1593 1669 1651 die,
1704 1594 1910 1644 aderunt

457 1684 626 1733 missae
650 1677 856 1729 solemni
879 1684 929 1727 et
950 1677 1180 1740 vesperiS,
1202 1677 1257 1725 in
1279 1676 1507 1727 Ecclesia
1530 1678 1810 1727 Cathedrali
1832 1696 1846 1737 3

518 1772 564 1817 3.
599 1767 714 1815 Rmi
749 1766 855 1813 DD.
893 1763 984 1826 Epi
1009 1763 1089 1812 Sti
1113 1763 1406 1826 Hyacinthi,
1430 1770 1480 1813 et
1504 1765 1906 1823 SandovicensiS‚

457 1871 576 1905 cum
618 1852 851 1901 facultate
897 1851 993 1899 sibi
1027 1849 1331 1912 adjungendi
1364 1850 1608 1912 quosdam
1631 1851 1905 1914 theologos,

455 1938 721 1988 formulam
745 1940 1043 1998 component
1067 1934 1366 1982 Litterarum
1388 1934 1819 1984 inscribendarum
1842 1935 1906 1985 ad

457 2020 961 2084 obsequentissimam
1019 2020 1349 2068 reverentiam
1416 2020 1619 2069 Patrum
1690 2022 1906 2071 Concilii

458 2108 666 2156 Summo
689 2104 920 2153 Pontifici
942 2103 1277 2152 exhibendam
1302 2120 1315 2161 3

522 2193 564 2237 4.
598 2189 863 2236 Decretum
899 2186 959 2235 de
997 2187 1332 2236 Universitate
1368 2188 1657 2237 Lavallensi
1692 2190 1901 2240 submit-

454 2276 574 2324 titur
596 2272 979 2335 Congregationi
1002 2272 1064 2320 de
1089 2272 1293 2320 Studiis.
1392 2259 1394 2261 ’

518 2359 795 2407 Discutitur
816 2358 1154 2420 opportunitas
1173 2358 1394 2419 erigendi
1412 2357 1713 2407 Cathedram
1737 2359 1898 2408 Theo-

94 2444 106 2491 ’ἕ
454 2444 600 2507 logiae
649 2443 704 2491 in
747 2441 1083 2491 Universitate
1129 2441 1432 2499 Lavallensi,
1476 2448 1525 2490 et
1563 2458 1622 2491 eo
1671 2444 1903 2494 mittendi

455 2531 689 2579 alumnos
711 2527 1017 2575 Dioecesium
1051 2527 1325 2575 Provinciae
1364 2527 1732 2578 Ecclesiasticae
1767 2531 1898 2587 Que-

454 2613 699 2663 becensis.

90 2473 106 2675 ..nm-“332
101 2433 106 2439 r
103 2375 107 2390 .,
103 2342 106 2359 ..
104 2312 108 2324 ..
99 2066 109 2233 ,«,,,.,-,,;)
104 2008 111 2045 n...
99 1984 110 1989 2
101 1875 112 1963 .„..5-.
111 1852 113 1856 ,
111 1806 113 1815 ,Α

498 2753 552 2795 (1)
565 2752 648 2784 Vide
663 2751 750 2783 infra
765 2750 817 2793 (in
831 2750 912 2782 Litt.
928 2759 1026 2791 super
1040 2751 1174 2791 appr-ob.
1190 2751 1304 2791 Decr.)
1316 2753 1615 2788 animadversione·
1627 2753 1725 2787 oud.
1735 2753 1899 2798 Barnabo,

453 2804 554 2837 anper
568 2795 620 2828 his
635 2797 669 2827 et
683 2794 760 2826 ama
775 2794 942 2827 nonnullis
964 2793 1202 2834 quaestiouibus
1218 2802 1239 2825 a
1253 2794 1354 2836 Oong.
1371 2795 1412 2828 de
1427 2796 1584 2829 Doctrina
1599 2797 1772 2830 dlflcuueis.

77 3150 80 3158 ⁷
79 2832 100 3072 ‘'⁹‘'‘OE'1'Wff-'tk’21-r-“1
84 2711 98 2827 :az-um,
93 2687 95 2691 r
