2328 3352
8 468 141 506 uento

18 543 140 584 posse

28 594 140 636 trina

12 659 57 700 ni
88 673 140 701 ac

4 724 139 766 ·rsari.

13 803 140 831 anam

28 855 139 897 icam

12 921 138 962 eritu-

9 1000 135 1028 verae

16 1051 137 1094 nulla

3 1119 13 1154 Ι
51 1130 134 1158 unc

4 1183 138 1224 ntiae

26 1247 137 1289 enio-

4 1311 136 1353 ,temss

7 1378 138 1419 nimus

2 1457 135 1498 roque

2 1523 72 1550 ero
92 1509 138 1551 in

3 1574 136 1616 ·betat

1 1653 136 1681 unum

0 1705 136 1748 ‚rendo

2 1769 136 1812 stulat

0 1839 54 1876 tes
82 1835 138 1877 ad

0 1900 21 1940 ·i
58 1913 137 1954 pro

0 1965 133 2017 ›miui,

0 2037 26 2083 t,
61 2030 137 2086 qui

5 2097 139 2138 smodi

0 2161 140 2204 =falsis

0 2232 140 2269 ›veant

13 2293 139 2335 'atius

0 2437 140 2492 [uibus

0 2504 139 2557 ›onite,

0 2583 140 2623 >osque

0 2648 6 2675 ι
26 2634 138 2676 viros

0 2699 137 2740 uidem

29 2765 135 2808 nihil

1050 372 1323 406 Aranamx.
1820 362 1909 409 103

462 473 750 515 molestiarum
795 473 1004 529 defugere,
1042 479 1090 515 ut
1125 474 1260 517 officio
1297 490 1373 518 suo
1410 489 1460 518 ac
1497 475 1660 519 muneri
1698 476 1913 519 cumulate

462 538 694 581 satisfaciat
714 551 724 591 ;
763 544 889 594 atque
907 539 1012 581 adeo
1031 553 1114 581 non
1134 541 1361 595 asperitate
1379 546 1423 583 et
1448 540 1713 596 longitudine
1739 541 1913 595 itineris,

464 618 550 646 non
584 603 672 645 ullo
703 603 1061 646 incommodorum
1090 610 1205 647 metu
1238 605 1444 648 retardari
1472 605 1695 661 quominus
1723 606 1913 661 regiones

465 669 680 725 pertingat
694 674 896 711 terrarum
912 670 1121 725 marisque
1135 676 1271 713 tractu
1286 671 1644 727 disiunctissimas,
1659 676 1708 712 ut
1722 670 1913 713 efferatas

466 736 527 777 ibi
555 739 700 791 gentes
730 735 781 776 ad
812 734 1129 788 humanitatem,
1161 742 1203 778 et
1232 736 1480 779 christianae
1510 736 1616 792 legis
1645 735 1914 792 disciplinam

467 800 690 843 salubriter
733 800 954 853 instituat3
1009 801 1241 855 gaudemus
1276 802 1433 857 pariter
1470 801 1639 843 Olerum
1683 802 1824 857 ipsum
1869 802 1914 843 in

466 865 708 908 teterrimae
721 865 802 906 luis
819 865 1073 918 calamitate,
1094 880 1202 921 quae
1220 871 1282 908 tot
1296 867 1467 922 oppida,
1485 872 1549 909 tot
1560 866 1915 921 frequentissimas

467 933 593 973 urbes
622 930 848 973 funestavit
881 932 985 973 adeo
1019 932 1210 974 alacriter
1238 933 1416 975 obivisse
1448 932 1662 988 quaelibet
1698 931 1915 975 charitatis

467 997 619 1049 officia,
641 1001 688 1038 ut
708 997 839 1038 vitam
858 997 1107 1051 profundere
1126 998 1178 1039 ad
1198 998 1373 1040 salutem
1386 998 1672 1054 proximorum
1687 996 1916 1053 pulchrum

467 1063 618 1105 sibiae
638 1063 834 1104 decorum
868 1063 1179 1104 existimaverit.
1238 1063 1332 1113 Quo
1365 1077 1464 1105 sane
1495 1067 1745 1119 argumento
1778 1063 1917 1118 magis

469 1126 690 1177 constabit,
708 1126 918 1169 catholica
937 1127 981 1168 in
1001 1127 1197 1177 Ecclesia,
1217 1141 1324 1182 quae
1353 1128 1475 1170 unice
1504 1141 1606 1169 vera
1623 1132 1698 1179 est,
1731 1127 1909 1168 inextin-

469 1198 589 1235 ctum
618 1193 765 1234 ardere
794 1192 1120 1247 pulcherrimum
1152 1193 1366 1235 eharitatis
1397 1193 1551 1248 iguem,
1573 1206 1698 1247 quem
1719 1191 1912 1234 Christus

469 1258 589 1300 venit
608 1258 772 1300 mittere
784 1258 829 1299 in
843 1263 997 1300 terram
1009 1264 1056 1299 ut
1070 1259 1331 1300 accendatur.
1361 1258 1558 1300 Vidimus
1573 1258 1685 1300 enim
1700 1257 1914 1313 religiosas

469 1323 664 1365 mulieres
682 1323 726 1364 in
745 1323 984 1377 adjutaudis
1004 1323 1140 1378 aegris
1160 1337 1255 1364 cum
1272 1324 1393 1365 Olero
1408 1330 1595 1375 certasse,
1610 1336 1746 1377 neque
1766 1323 1910 1365 mortis

471 1391 670 1445 adspectu
706 1389 832 1430 fuisse
878 1389 1105 1439 deterritas,
1153 1402 1280 1443 quam
1317 1389 1539 1444 pleraeque
1578 1387 1908 1429 constantissime

471 1455 797 1510 oppetiverunt:
852 1453 974 1509 cujus
1021 1454 1243 1495 inusitatae
1297 1453 1552 1495 fortitudinis
1607 1452 1798 1507 exemplo
1853 1452 1917 1494 illi

470 1520 547 1575 ipsi
588 1518 865 1574 obstupefacti
922 1518 1197 1560 admiratione
1239 1523 1350 1572 sunt,
1381 1518 1455 1574 qui
1505 1532 1530 1560 a
1578 1517 1782 1560 catholica
1827 1516 1912 1559 fide

472 1584 734 1628 dissentiunt.

526 1659 600 1702 Est
655 1659 735 1702 hoc
779 1659 916 1702 Nobis
956 1659 1052 1715 jure
1096 1659 1355 1712 laetandum,
1412 1658 1683 1702 Venerabiles
1735 1657 1915 1711 Fratres,

472 1729 763 1768 verumtamen
791 1725 897 1766 illud
929 1725 982 1767 ad
1002 1726 1129 1767 animi
1148 1725 1294 1767 Nostri
1313 1739 1455 1767 curam
1487 1738 1617 1780 grave
1637 1729 1679 1766 et
1709 1724 1920 1777 acerbum,

474 1791 727 1847 quibusdam
745 1791 788 1832 in
807 1790 910 1832 locis
927 1804 1011 1833 non
1031 1790 1170 1832 deesse
1190 1804 1241 1833 ex
1261 1791 1382 1833 Olero
1402 1790 1574 1845 aliquos,
1594 1789 1667 1845 qui
1685 1803 1771 1831 non
1790 1794 1921 1831 semet

473 1855 700 1899 exhibeant
729 1856 774 1896 in
803 1855 995 1897 omnibus
1024 1860 1070 1897 ut
1096 1856 1306 1898 ministros
1337 1854 1504 1908 Christi,
1543 1860 1586 1897 et
1613 1854 1917 1909 dispensatores

472 1922 769 1978 mysteriorum
787 1913 882 1964 Dei.
938 1920 1053 1963 Hinc
1071 1921 1185 1963 deest
1203 1921 1428 1964 christiano
1449 1920 1604 1976 populo
1634 1918 1768 1961 divini
1796 1919 1914 1961 verbi

473 1988 696 2044 pabulum,
750 1986 863 2028 unde
926 1985 1134 2027 nutriatur
1199 1986 1254 2027 ad
1309 1986 1454 2037 vitam,
1525 1984 1623 2026 hinc
1678 1983 1917 2038 infrequens

474 2058 827 2096 sacramentorum
848 2066 943 2094 usus
963 2052 1115 2107 quibus
1134 2057 1250 2093 tanta
1270 2051 1332 2093 vis
1350 2052 1457 2093 inest
1476 2051 1528 2093 ad
1549 2050 1630 2092 Dei
1650 2049 1830 2105 gratiam
1849 2048 1919 2090 vel

474 2118 780 2162 conciliandam
828 2117 892 2159 vel
940 2117 1214 2159 retinendam.
1272 2116 1472 2159 Monencli
1515 2116 1559 2156 hi
1597 2115 1766 2170 quidem
1803 2118 1912 2165 sunt,

475 2182 752 2226 Venerabiles
797 2182 974 2234 Fratres,
1021 2196 1070 2224 ac
1116 2181 1404 2223 vehementius
1449 2180 1673 2231 excitandi,
1720 2184 1769 2220 ut
1814 2178 1921 2220 sacri

475 2247 695 2290 ministerii
713 2252 852 2302 partes
871 2251 981 2288 recte
1000 2260 1049 2287 ac
1068 2245 1247 2287 fideliter
1265 2245 1487 2301 explendas
1506 2249 1650 2287 curent
1669 2257 1681 2296 3
1738 2242 1915 2285 docendi

476 2318 574 2355 sunt
593 2326 721 2367 quam
740 2311 862 2367 gravi
882 2325 924 2352 se
942 2311 1067 2366 culpa
1088 2311 1365 2366 obstringant,
1400 2309 1470 2365 qni
1504 2309 1646 2350 messis
1664 2307 1799 2349 multa
1818 2320 1916 2349 cum

475 2378 531 2420 sit
548 2378 743 2420 laborare
770 2378 999 2419 detrectent
1031 2378 1074 2418 in
1105 2391 1207 2432 agro
1239 2376 1424 2419 Domini.
1482 2375 1693 2417 Hortandi
1727 2379 1836 2427 sunt,
1871 2378 1920 2415 ut

477 2438 637 2499 quanta
656 2443 708 2484 sit
727 2443 896 2484 divinae
923 2442 1081 2484 hostiae
1109 2443 1243 2484 virtus
1272 2442 1327 2484 ad
1356 2441 1667 2497 propitiandum
1693 2439 1848 2489 Deum,
1877 2444 1919 2480 et

477 2508 736 2563 flagitiorum
755 2521 911 2563 poenas
930 2506 1177 2549 avertendas
1205 2506 1442 2562 frequenter
1472 2505 1679 2561 explicent
1710 2503 1920 2555 fidelibus,

477 2580 526 2616 ut
540 2573 668 2615 iidem
687 2573 860 2615 salutari
879 2572 1030 2615 Missae
1050 2572 1250 2614 sacrificio
1282 2572 1473 2628 religiose
1505 2571 1658 2623 adesse,
1690 2570 1921 2624 uberesque

478 2653 530 2681 ex
549 2639 623 2680 illo
641 2639 801 2681 fructus
820 2637 1031 2693 percipere
1050 2637 1255 2679 studeant.
1312 2637 1424 2679 Sane
1451 2636 1620 2691 quidem
1645 2633 1922 2690 promptiores

480 2704 637 2747 alicubi
656 2703 800 2745 fideles
818 2708 952 2744 esseut
971 2703 1024 2744 ad
1043 2702 1213 2757 pietatis
1232 2707 1351 2744 actus
1369 2700 1630 2752 exercendos,
1649 2698 1685 2740 si
1705 2697 1924 2740 vehemen-

480 2770 588 2812 tiora
621 2768 824 2811 haberent
855 2782 881 2810 a
912 2767 1034 2810 Clcro
1066 2773 1107 2809 et
1134 2767 1407 2809 incitamenta
1426 2771 1467 2808 et
1485 2763 1700 2822 praesidia.
1758 2761 1924 2806 Videt-is
