2352 3368
1197 0 2352 167 *l

1126 359 1394 395 urrunnu.
1889 359 1979 405 115

34 445 121 489 litis
139 447 294 490 eisdem
2350 437 2352 500 l

34 511 108 553 imi
147 511 295 555 Nostri
2336 564 2337 567 ,

23 590 42 618 s
73 576 210 619 facere
241 577 296 620 de
1079 570 1444 623 RESPONSIO
2349 501 2352 662 Ι

22 642 84 684 'ca
116 641 294 684 Benedi-
2334 663 2352 713 Ιο

38 720 148 749 ΠΠΠΒ
167 722 295 751 verae
656 750 774 780 xum
800 750 1172 785 mmms'rmroms
1199 758 1256 786 AD
1282 758 1476 788 umus
1503 760 1580 789 Em
1608 760 1855 793 oARDmAHs
2314 706 2351 800 ἕξ

34 786 78 816 es
110 772 291 828 Fratres,
1113 811 1310 842 BARNABO
1337 800 1396 856 (1)

761 1011 908 1071 Illme,
931 1013 1060 1072 Rme,
1083 1034 1137 1063 ac
1158 1016 1511 1067 Eminentissime
1534 1018 1739 1079 Domine,

582 1128 745 1184 Accepi
762 1129 1029 1174 honorandas
1058 1132 1309 1178 Eminentiae
1326 1134 1426 1178 Tuae
1443 1135 1601 1179 litterae
1634 1152 1758 1194 super
1786 1141 1972 1196 recogni-

525 1195 656 1248 tione,
694 1197 950 1240 correctione
985 1203 1028 1240 et
1064 1201 1364 1255 approbatione
1400 1203 1532 1246 tertiae
1569 1202 1694 1259 hujus
1731 1204 1970 1249 Provinciae

526 1259 702 1316 Synodi,
735 1262 803 1304 die
841 1264 892 1305 19
928 1264 1114 1320 Augusti
1150 1266 1339 1320 proxime
1375 1266 1502 1322 elapsi
1539 1268 1670 1322 datas,
1708 1269 1832 1311 simul
1869 1284 1968 1313 cum

521 1325 565 1368 S.
583 1326 769 1383 Gongnis
787 1327 840 1370 de
858 1327 1137 1385 Propaganda
1154 1329 1260 1372 Fide
1278 1330 1456 1374 Decreto
1484 1333 1796 1388 approbationis
1815 1334 1967 1378 Decre-

520 1396 661 1434 torum
694 1392 883 1448 ejusdem
930 1393 1089 1449 Synodi
1110 1408 1119 1437 :
1176 1408 1253 1450 pro
1299 1396 1451 1451 quibus
1494 1396 1672 1440 humiles
1716 1397 1824 1451 Tibi,
1871 1403 1965 1441 tum

516 1458 703 1514 proprio,
739 1464 832 1501 tum
860 1458 1318 1504 Reverendissimorum
1345 1462 1757 1518 comprovincialium
1793 1462 1962 1520 Episco·
2327 1514 2330 1528 1

518 1535 673 1579 porum
690 1524 872 1579 nomine,
892 1524 1050 1581 gratias
1069 1539 1161 1582 ago.
2327 1539 2330 1560 ¹

571 1589 731 1632 Omnes
749 1603 798 1633 ac
815 1590 991 1646 singulm
1011 1591 1284 1634 correctiones
1298 1592 1659 1636 emendationesve
1675 1607 1700 1635 a
1716 1594 1759 1636 S.
1780 1593 1962 1650 Congre·
2327 1589 2329 1595 ’

516 1656 689 1711 gatione
711 1657 967 1712 praescriptae
997 1662 1070 1699 aut
1095 1658 1304 1711 indicatae,
1338 1658 1391 1701 de
1420 1659 1572 1714 quibus
1603 1659 1645 1701 in
1680 1659 1828 1701 iisdem
1859 1660 1960 1702 Tuis

513 1721 680 1776 litteris,
725 1722 906 1766 libenter
951 1727 1077 1780 atque
1121 1724 1343 1781 diligenter
1387 1725 1654 1781 perficient-ur
1688 1726 1734 1768 in
1771 1727 1958 1782 praefatis

514 1787 721 1842 Decretis,
741 1793 967 1846 antequam
985 1789 1264 1846 publicentur.

564 1856 695 1901 Nunc
713 1862 868 1910 autem,
887 1861 937 1899 ut
955 1856 1011 1898 ad
1029 1870 1079 1899 ea
1095 1856 1382 1912 respondeam,
1410 1869 1504 1911 quae
1533 1856 1679 1899 cadem
1711 1857 1754 1899 S.
1776 1855 1956 1913 Congre-

511 1923 629 1977 gatio
642 1923 854 1979 judicavit
871 1922 1055 1978 aliquam
1082 1921 1416 1964 observationem
1433 1921 1582 1963 mereri
1609 1920 1653 1963 in
1686 1920 1808 1964 Actis
1836 1922 1956 1964 istius

509 1988 687 2046 Synodi,
708 1995 749 2032 et
768 1989 821 2031 de
840 1989 993 2045 quibus
1012 2003 1038 2031 a
1055 2002 1122 2031 me
1139 1988 1287 2031 instrui
1305 1988 1434 2043 cupit,
1453 1987 1649 2030 videlicet
1668 2001 1679 2030 ε

562 2056 601 2097 1.
632 2057 659 2080 “
679 2055 786 2106 Quae
805 2068 943 2098 causae
972 2053 1260 2109 Capitulorum
1293 2051 1541 2095 erectionem
1570 2053 1613 2093 in
1642 2053 1837 2095 omnibus
1865 2053 1953 2096 fere

507 2120 789 2173 Quebecensis
808 2119 1044 2163 Provinciae
1063 2119 1310 2161 dioecesibus
1340 2118 1541 2160 hactenus
1569 2119 1871 2174 prohibuerunt
1891 2132 1902 2172 3
1924 2118 1949 2140 ’'
2331 2128 2335 2199 ι

561 2187 600 2227 2.
632 2187 658 2211 “
679 2185 815 2236 Quem
853 2185 1012 2228 exitum
1048 2183 1285 2226 habuerunt
1321 2183 1516 2239 quaedam
1555 2183 1802 2238 quaestiones
1846 2184 1947 2226 satis
2321 2199 2334 2247 ²3!

504 2264 673 2307 graves,
691 2250 736 2293 in
755 2250 1160 2306 Congregationibus
1188 2248 1361 2305 privatis
1379 2247 1459 2301 ΠΙ,
1478 2248 1523 2290 V
1543 2253 1583 2290 et
1615 2247 1695 2301 IX,
1724 2261 1886 2290 necnon
1904 2249 1950 2290 in
2320 2242 2334 2317 ΞΙ

506 2316 774 2371 generalibus
792 2314 839 2358 Π
857 2320 899 2358 et
916 2314 984 2357 IV
1004 2315 1173 2370 agitatae
1194 2328 1204 2367 3
1226 2312 1250 2334 '’
2321 2300 2332 2343 ’f

559 2383 599 2423 3.
630 2381 746 2424 “Ob
784 2394 889 2437 quas
924 2393 1069 2423 causas
1107 2379 1285 2422 Ooncilii
1330 2378 1476 2421 Patres
1511 2392 1666 2421 novam
1703 2378 1948 2421 methodum

503 2448 801 2503 postulandam
838 2451 1088 2491 censuerunt
1124 2460 1200 2501 pro
1247 2445 1587 2488 commendandis
1622 2445 1857 2487 candidatis
1894 2445 1948 2486 ad
2319 2446 2330 2491 ,1³

502 2520 698 2558 vacantes
733 2514 862 2557 Sedes
893 2513 1171 2570 Episcopales,
1209 2512 1449 2568 posthabita
1480 2511 1676 2554 methodo
1709 2511 1946 2554 Provinciae

502 2580 763 2633 Quebecensi
794 2584 982 2623 recenter
1010 2579 1174 2621 indulta
1205 2591 1279 2634 per
1310 2578 1468 2620 litteras
1504 2576 1724 2620 circulares
1756 2575 1945 2631 ejusdem

500 2648 545 2690 S.
568 2647 753 2703 Oongnis
771 2646 855 2690 diei
875 2648 927 2688 28
948 2645 1093 2689 Martii
1111 2647 1217 2688 1863
1238 2658 1249 2696 3
1271 2644 1445 2686 ’'-dico
1466 2657 1475 2686 :

542 2780 598 2823 (l)
618 2780 703 2813 Vide
718 2789 828 2823 supra,
843 2789 875 2822 p.
890 2781 944 2813 69.
