2396 3416
1053 395 1337 429 conclarum
1362 393 1695 433 quantumst:

1189 541 1455 590 DECRET
1463 539 1561 589 UM

995 673 1026 701 B.
1055 672 1232 702 coneum
1260 672 1315 702 DE
1341 670 1626 701 PROPAGANDA
1653 670 1750 703 rmlr.

996 767 1090 816 Pro
1112 768 1402 816 Decretorum
1432 767 1756 833 approbatione.

713 865 843 913 Cum
866 868 1083 911 vertente
1118 877 1293 910 mense
1332 862 1468 911 Maio
1510 862 1629 910 anni
1675 863 1810 918 1863,
1874 861 1973 910 RR.
2007 862 2101 909 PP.

654 949 759 997 DD.
795 948 1090 997 Franciscus
1116 947 1426 1009 Baillargeon
1450 948 1585 1009 Epus
1603 946 1828 996 Tloanus
1848 945 2103 995 Adminis-

652 1039 800 1081 trator
833 1034 921 1096 Ap.
959 1031 1350 1094 Metropolitanae
1382 1031 1619 1080 Ecclesiae
1653 1031 2013 1088 Quebecensis,
2051 1037 2102 1079 et

653 1117 828 1179 reliqui
871 1114 1100 1180 Episcopi
1140 1115 1463 1165 Canadenses
1496 1117 1695 1165 tertiam
1738 1116 2102 1165 Provincialem

657 1200 917 1263 Synodum
951 1200 1332 1257 Quebecensem
1366 1201 1733 1258 celebraverint,
1767 1204 1969 1265 ejusque
2003 1202 2100 1250 De-

653 1292 786 1334 creta
800 1284 988 1347 judicio
1005 1291 1054 1333 et
1068 1285 1410 1350 approbationi
1423 1286 1470 1333 S.
1491 1284 1631 1333 Sedis
1646 1285 1958 1349 subJecerint,
1975 1286 2021 1333 S.
2042 1285 2098 1334 C.

652 1370 920 1418 christiano
943 1370 1136 1418 nomini
1161 1368 1475 1432 propagando
1498 1368 1756 1432 praeposita
1773 1369 1827 1418 in
1846 1369 2103 1418 Generali-

656 1454 753 1502 bus
779 1454 1014 1502 Comitiis
1031 1453 1219 1502 habitis
1242 1453 1417 1501 diebus
1439 1456 1500 1501 30
1524 1454 1762 1510 Januarii,
1792 1460 1841 1503 et
1879 1457 1942 1501 22
1980 1453 2106 1502 Maii

654 1540 861 1604 hujusce
906 1541 1028 1589 anni
1072 1542 1212 1597 1865,
1258 1539 1495 1589 referente
1541 1540 1666 1589 Emo
1715 1557 1774 1590 ac
1818 1540 1946 1588 Rmo
1991 1540 2105 1588 Dno

655 1623 907 1673 Cardinali
962 1624 1218 1673 Ludovico
1271 1624 1332 1672 de
1387 1624 1605 1682 Alteriis‚
1658 1630 1768 1688 post
1813 1627 2105 1673 accuratum

655 1710 882 1758 omnium
916 1726 1027 1772 quae
1065 1710 1118 1758 in
1160 1708 1359 1773 Synodo
1397 1717 1538 1772 gesta
1576 1717 1694 1759 sunt
1730 1725 1959 1766 examen,
1997 1713 2104 1773 ejus

655 1793 991 1843 sollicitudine
1014 1810 1096 1859 pro
1119 1794 1395 1856 Religionis
1417 1793 1740 1851 incrementO,
1754 1799 1804 1842 et
1826 1793 2103 1842 Ecclesias-

655 1878 767 1926 ticae
823 1878 1096 1942 disciplinae
1152 1877 1378 1927 custodia
1419 1879 1693 1939 plurimum
1736 1877 2105 1935 commendata,

656 1963 793 2011 illius
816 1964 1027 2012 Decreta
1049 1964 1248 2013 censuit
1271 1979 1382 2012 esse
1407 1962 1736 2027 approbanda.

719 2050 867 2098 Hanc
910 2056 1078 2098 autem
1118 2050 1165 2097 S.
1203 2049 1259 2098 C.
1294 2050 1598 2098 sententIam
1637 2050 1793 2098 SSmo
1828 2049 1889 2097 D.
1922 2049 1982 2097 N.
2017 2048 2106 2096 Pio

658 2136 768 2183 Div.
809 2135 1000 2183 Provid.
1038 2136 1130 2183 PP.
1166 2136 1237 2183 IX
1258 2135 1321 2184 ab
1345 2136 1401 2183 R.
1423 2136 1475 2183 P.
1503 2136 1561 2182 D.
1585 2136 1869 2184 Hannibale
1909 2135 2102 2197 Capalti

658 2220 925 2267 Secretario
974 2220 1028 2267 in
1071 2218 1329 2269 audientia
1382 2218 1482 2268 diei
1536 2223 1596 2268 28
1652 2220 1873 2284 ejusdem
1917 2220 2105 2268 mensis

657 2304 880 2360 relatam,
936 2303 1190 2353 Sanctitas
1235 2305 1338 2352 Sua
1369 2304 1596 2367 benigne
1655 2305 1982 2361 confirmavit,
2041 2321 2101 2353 ac

660 2388 885 2445 Decreta,
939 2387 1001 2435 de
1056 2388 1236 2449 quibus
1289 2388 1465 2450 agitur,
1521 2389 1575 2436 in
1627 2395 1732 2437 tota
1786 2389 2103 2446 Quebecensi

660 2473 921 2522 Provincia
944 2474 1257 2536 promulgari,
1279 2490 1339 2523 ac
1363 2475 1544 2523 servari
1561 2476 1723 2537 jussit.

722 2559 838 2605 Dat.
877 2558 1047 2606 Romae
1086 2574 1149 2606 ex
1174 2557 1285 2607 AEd.
1325 2558 1469 2608 dictae
1505 2559 1552 2607 S.
1577 2559 1633 2606 C.
1656 2559 1719 2607 de
1753 2560 1806 2607 P.
1842 2559 1897 2606 F.
1931 2558 2011 2607 die
2050 2562 2106 2607 19

662 2644 789 2705 Aug.
818 2645 952 2690 1865.

1400 2707 1479 2756 Al.
1499 2708 1554 2754 C.
1573 2708 1825 2766 ΒΔιῑΝΑΒο,
1843 2708 1980 2757 Praef.

724 2790 779 2837 L.
816 2790 864 2838 S.
1483 2791 1544 2839 H.
1571 2792 1808 2849 CAPALTI,
1835 2792 2045 2841 Secriuae.
