2412 3448
654 425 717 471 86
1055 437 1333 472 concurrum
1358 437 1688 477 Qunnncmsn

657 546 685 570 “
710 553 854 590 suam
878 541 1176 589 sententiam
1199 541 1260 589 de
1284 539 1627 590 Sacerdotibus
1643 541 1713 590 sic
1729 540 2095 590 commendatis

656 631 685 653 “
708 625 940 688 aperiant.
956 626 985 649 ”

719 717 905 764 Datum
928 721 1021 763 etc.
1055 771 1058 775 ι

718 801 892 848 Mense
929 805 1098 848 tamen
1139 799 1354 860 Augusti
1393 800 1514 847 anni
1556 802 1674 847 1856
1710 799 1844 848 idem
1889 800 2094 847 Sacrum

657 884 936 932 Consilium
981 883 1253 931 Provinciis
1306 883 1673 932 Ecclesiasticis
1731 883 2094 939 Baltimorensi,

657 971 703 1018 S.
757 967 1010 1024 Ludovici,
1065 968 1542 1017 Neo-Aurelianensi
1595 985 1652 1017 ac
1711 968 2094 1017 Cincinnatensi

656 1053 861 1101 indulsit
884 1060 938 1100 ut
960 1051 1021 1099 de
1046 1052 1458 1100 commendandis
1480 1052 1761 1102 candidatis
1784 1069 1864 1116 pro
1893 1053 2094 1100 sedibus

654 1137 945 1185 vacantibus
968 1140 1137 1196 agatur
1160 1135 1215 1182 in
1238 1136 1458 1184 coetibus
1482 1137 1835 1199 Episcoporum
1871 1151 2092 1198 compro-

656 1221 960 1276 vincialium,
999 1219 1165 1267 addita
1204 1225 1401 1269 tantum
1433 1220 1725 1282 obligatione
1750 1220 1996 1269 scribendi
2029 1219 2093 1268 ad

655 1305 1088 1366 Metropolitanum
1111 1304 1190 1351 vel
1228 1304 1528 1366 Episcopum
1570 1321 1668 1353 non
1709 1304 2095 1368 comprovincia-
2169 1296 2172 1300 ’

653 1394 753 1441 lem
775 1406 928 1452 quum
951 1405 1028 1437 res
1050 1390 1114 1437 sit
1128 1388 1189 1437 de
1209 1389 1488 1437 candidatis
1506 1406 1537 1438 a
1555 1391 1812 1438 Provincia
1830 1389 2095 1438 extraneis.

654 1478 713 1525 In
737 1475 965 1524 Comitiis
989 1489 1099 1522 vero
1134 1474 1448 1535 generalibus
1483 1473 1584 1522 diei
1608 1477 1634 1522 7
1661 1475 1872 1536 Augusti
1905 1476 2023 1521 1859
2047 1478 2099 1520 et

653 1560 776 1610 illud
816 1559 1067 1607 decretum
1106 1556 1310 1614 fuit,‚ut
1348 1573 1465 1606 cum
1504 1574 1660 1606 novus
1685 1557 2098 1620 Archiepiscopus

657 1647 734 1694 vel
773 1643 1158 1705 Archiepiscopi.
1189 1642 1439 1704 coadjutor
1480 1643 1741 1705 eligendus
1784 1643 1864 1699 sit,
1923 1656 2098 1689 omnes

656 1730 785 1778 circa
828 1725 1070 1790 ejusmodi
1123 1726 1423 1774 electionem
1466 1726 1819 1775 foederatorum
1867 1726 2099 1773 Statuum

657 1812 1020 1876 Metropolitani
1041 1811 1378 1861 consulantur.

717 1900 860 1946 Porro
882 1896 978 1944 etsi
1000 1893 1243 1957 ejusmodi
1281 1910 1479 1942 normas
1514 1895 1954 1957 opportunissimas
1989 1908 2099 1942 esse

660 2001 717 2033 ac
771 1983 1000 2044 religiose
1054 1982 1118 2030 ab
1164 1981 1421 2043 Episcopis
1464 1979 1819 2029 foederatorum
1866 1980 2101 2027 Statuum

661 2069 715 2116 in
747 2068 939 2130 praxim
984 2065 1221 2113 deductas
1264 2066 1418 2113 fuisse
1473 2071 1734 2121 constaret,
1773 2064 2102 2112 nihilominus

661 2168 780 2199 cum
802 2150 918 2198 hinc
942 2149 1178 2211 adjuncta
1202 2148 1335 2211 Sept.
1360 2150 1616 2196 Americae
1641 2149 1862 2210 graviora
1885 2145 2103 2208 quotidie

664 2237 985 2291 efficerentur,
1060 2233 1452 2294 sedulioremque
1524 2235 1781 2281 Pastorum
1847 2232 2102 2280 Ecclesiae

663 2320 978 2382 vigilantiam
1023 2319 1348 2380 exquirerent,
1393 2318 1508 2366 inde
1553 2334 1662 2366 vero
1702 2334 1826 2379 quae
1881 2318 2105 2365 humana

665 2409 782 2453 sunt
824 2402 1005 2450 mutari
1050 2418 1243 2465 semper
1282 2403 1336 2450 in
1377 2403 1557 2450 melius
1594 2404 1793 2451 valeant
1837 2419 1895 2450 ac
1939 2403 2105 2465 perfici

665 2487 884 2541 ulterius,
907 2491 1159 2548 propterea
1183 2486 1297 2534 Emi
1321 2502 1378 2534 ac
1403 2486 1518 2534 Rmi
1553 2487 1720 2534 Patres
1760 2487 1803 2534 S.
1831 2487 2105 2548 cougrega-

665 2573 824 2621 tionis-
858 2571 918 2620 de
963 2573 1099 2634 Prop.
1146 2571 1265 2619 Fide
1304 2578 1354 2620 et
1392 2573 1490 2620 alia
1529 2572 1771 2634 quaedam
1816 2573 2107 2635 supradictis

667 2657 888 2704 Decretis
913 2655 1027 2703 addi
1049 2661 1317 2718 opportune
1343 2672 1484 2718 posse
1508 2663 1820 2713 censuerunt,
1844 2673 1905 2705 ex
1928 2658 2107 2718 quibus

668 2742 979 2791 sacerdotum
1041 2740 1105 2789 ad
1170 2742 1523 2804 Episcopatum
1586 2742 1639 2790 in
1700 2742 1761 2790 iis
1825 2742 2107 2804 regionibus

668 2826 1012 2888 promotione&
1061 2830 1304 2887 quantum
1349 2826 1570 2875 humana
1621 2827 1859 2890 fragilitas
1913 2828 2106 2890 patitur,
