2388 3400
14 475 98 525 ind
106 475 175 523 ul·

26 560 178 609 alicui

34 660 181 693 onve·

19 1091 187 1142 iensis.

10 1346 94 1395 sis.

25 1433 108 1483 sis.

7 1516 199 1567 Sandor

0 1771 192 1819 miuus.

20 2217 199 2249 corleum

0 2584 205 2649 Episcopi

0 2679 66 2720 ter
103 2686 206 2734 per-

0 2788 3 2805 2
32 2756 209 2804 animo

999 364 1339 401 Pnovrrrcmm
1374 368 1446 401 111.
1877 355 1938 401 65

495 468 793 516 festinamus
833 467 896 516 ad
934 469 1165 518 Vestram
1202 471 1556 519 Paternitatem
1594 471 1787 519 mittere
1826 477 1940 520 acta

494 552 721 616 ersdem
768 553 967 616 Synodi,
1020 560 1075 603 ut
1117 570 1178 603 ea
1219 554 1434 603 revidere
1489 561 1540 604 et
1592 570 1938 617 recognoscere

491 639 722 703 jubeatis·

558 722 705 770 Hanc
728 722 1003 771 secundam
1040 724 1456 786 opportunitatem
1495 724 1939 787 accepimussam-

493 808 719 856 ctissime
758 808 914 865 Pater,
954 808 1133 856 iterum
1170 809 1321 857 Vobis
1345 808 1674 871 patefaciendi
1696 815 1940 870 quantum

491 891 751 941 doleamus
795 899 982 955 propter
1025 892 1226 940 Vestras
1267 893 1608 942 tribulationes
1655 893 1842 942 multas
1886 899 1937 941 et

496 977 657 1025 malas
680 993 805 1039 quas
827 977 980 1025 Vobis
1003 978 1247 1025 suscitant
1279 977 1609 1026 infensissimi
1643 978 1811 1026 hostes
1845 978 1941 1026 Dei

497 1068 548 1111 et
572 1061 846 1120 Ecclesiae3
888 1068 939 1110 et
960 1078 1022 1110 ex
1043 1062 1142 1111 alia
1175 1068 1307 1125 parte
1341 1070 1586 1124 quantum
1621 1062 1856 1110 miremur
1888 1067 1949 1109 et⁴=

499 1147 809 1209 gaudeamus
832 1153 1020 1210 propter
1040 1145 1197 1195 animi
1213 1147 1549 1195 fortitudinem
1565 1153 1613 1195 et
1627 1148 1939 1210 patientiam,

497 1238 549 1280 et
584 1230 1027 1279 mansuetudinem
1065 1236 1115 1279 et
1154 1227 1402 1279 invictam
1430 1232 1705 1288 caritatem,
1744 1231 1940 1293 aliaque

500 1317 711 1381 Spiritus
767 1317 937 1365 Sancti
989 1317 1214 1379 pretiosa·
1241 1316 1556 1373 charismata,
1614 1317 1793 1378 quibus
1836 1317 1941 1365 Vos

495 1401 675 1450 ditavit
697 1401 842 1449 Pater
872 1401 1177 1449 luminum¹a
1200 1413 1295 1463 quo
1317 1400 1533 1464 procedit
1567 1417 1714 1449 omne
1750 1400 1938 1450 donum

495 1487 785 1551 perfectum.

531 1583 680 1639 ‚Haec
725 1596 934 1629 munera
979 1580 1165 1638 divina,
1213 1580 1333 1629 sine‘
1365 1581 1730 1629 intermissione
1774 1581 1939 1644 depre-

496 1683 672 1716 camur
693 1667 860 1714 Deum
878 1666 1299 1728 Omnipotentem,
1318 1672 1373 1714 ut
1387 1664 1614 1727 dignetur
1631 1666 1683 1713 in
1707 1665 1935 1714 Vestram

496 1752 825 1801 Sanctitatem
889 1756 1120 1814 perpetuo
1189 1757 1336 1812 atque
1400 1751 1561 1812 magis
1638 1766 1698 1798 ac
1774 1751 1936 1812 magis

495 1835 762 1893 effundere,
827 1835 890 1884 ad
955 1835 1177 1897 gloriam·
1225 1835 1412 1883 summi
1465 1835 1680 1883 Pastoris
1733 1836 1935 1897 ejusque

494 1920 664 1969 dilecti
685 1920 845 1983 gregis
867 1920 1094 1967 salutem.

559 2015 815 2077 Rogamus
858 2015 1069 2077 insuper,
1110 2020 1211 2062 toto
1248 2013 1391 2062 corde
1436 2020 1615 2070 nostro,
1659 2015 1935 2064 Dominum

494 2100 604 2148 coeli
631 2105 680 2147 et
701 2104 855 2155 terrae,
893 2104 950 2146 ut
987 2098 1027 2145 si
1050 2097 1153 2160 Ipsi
1189 2097 1439 2159 placuerit,
1480 2095 1745 2158 aliquando
1782 2098 1937 2147 finem

493 2184 717 2245 imponat
740 2182 991 2229 horrendae
1015 2181 1295 2243 tempestati
1318 2196 1415 2242 qua
1438 2179 1626 2227 tamdiu
1660 2180 1935 2241 exagitatur

498 2274 673 2316 sancta
690 2266 850 2315 Mater
865 2266 1107 2322 Ecclesia,
1147 2265 1467 2325 restituatque
1491 2263 1793 2311 Beatitudini
1816 2265 1937 2312 Ves-

492 2362 578 2403 trae
601 2354 730 2402 dona
753 2354 889 2416 pacis
912 2359 961 2401 et
983 2351 1352 2414 tranquillitatis
1376 2366 1584 2413 magnae.

557 2449 788 2499 Tandem
821 2450 1015 2497 utinam
1059 2448 1194 2496 Deus
1237 2447 1454 2510 optimus
1490 2444 1730 2493 concedat
1767 2446 1936 2504 Vobis,

494 2535 821 2584 Sanctissime
866 2535 1023 2589 Pater,
1067 2533 1230 2580 vivere
1269 2531 1354 2579 diu
1410 2530 1531 2578 satis
1567 2528 1626 2576 ad
1666 2528 1937 2578 videndum

492 2621 764 2685 perfectum
808 2620 1045 2668 Ecclesiae
1085 2617 1407 2679 triumphum,
1456 2615 1796 2675 integramque
1841 2616 1935 2663 Stae

493 2704 611 2754 Sedi
631 2704 995 2753 restitutionem
1018 2702 1171 2751 totius
1195 2702 1361 2749 Status
1386 2697 1737 2748 Ecclesiastici.

654 2824 679 2864 5
