2388 3464
553 438 615 485 32
948 445 1227 481 concinium
1264 440 1598 483 quantumst:

554 552 751 601 decima
793 556 964 613 quarta
1018 549 1157 605 Maii,
1210 546 1333 594 festo
1388 543 1715 592 Ascensionis
1768 544 1993 601 Domini,

555 637 779 687 inchoari
822 642 969 698 atque
1024 633 1146 682 adeo
1200 630 1490 679 inchoatum
1542 644 1653 676 esse
1708 629 1994 678 Concilium

556 720 883 775 Provinciale,
906 718 1033 781 quod
1056 733 1116 765 ex
1137 716 1383 770 facultate,
1408 728 1490 776 per
1511 713 1820 776 Rescriptum
1844 715 1995 764 Sano-

559 805 744 855 tissimi
768 804 970 852 Domini
993 801 1154 851 Nostri
1177 800 1255 848 Pii
1277 798 1416 861 Papae
1433 797 1516 855 IX,
1539 796 1619 845 die
1641 800 1697 845 15
1714 797 1838 847 Julii
1859 801 1996 855 1862,

562 893 707 942 nobis
729 905 981 946 concessa,
1003 887 1276 938 indiximus
1294 891 1341 934 et
1364 885 1751 934 convocavimus
1774 902 1787 944 ;
1820 887 1997 935 Jesum

562 976 813 1025 Christum
831 973 1102 1020 Dominum
1117 977 1166 1019 et
1183 969 1488 1018 Salvatorem
1503 976 1726 1018 nostrum
1740 969 1998 1019 humiliter

562 1062 880 1125 deprecantes
904 1064 956 1106 ut
977 1057 1105 1120 quod
1127 1056 1274 1119 coepit
1295 1056 1400 1118 ipse
1422 1055 1654 1118 perficiat,
1672 1073 1729 1105 ac
1749 1072 1997 1119 quaecum·

563 1163 658 1210 que
694 1145 755 1195 ad
799 1150 1017 1193 nostram
1061 1143 1274 1204 clerique
1317 1148 1367 1190 et
1409 1141 1577 1204 populi
1619 1142 1998 1191 aedificationem

563 1229 854 1281 stabilienda
892 1228 1283 1289 recognovimus,
1317 1225 1382 1274 ab
1418 1225 1650 1275 omnibus
1685 1232 1736 1275 et
1774 1227 1999 1289 singuliS,

563 1319 668 1365 Deo
691 1316 966 1377 adjuvante,
990 1313 1316 1361 observentur.

1088 1509 1367 1542 υΕοΒΕΤσΜ
1401 1509 1454 1542 11.

915 1613 989 1662 De
1013 1613 1139 1660 modo
1165 1612 1336 1660 vivendi
1357 1614 1405 1660 in
1430 1612 1643 1661 Concilio.

624 1735 741 1782 Haec
765 1730 987 1795 Synodus
1022 1729 1360 1787 Provincialis,
1396 1746 1426 1778 a
1459 1731 1515 1778 B.
1552 1731 1790 1795 Apostolo
1826 1732 2003 1783 edocta

564 1819 693 1882 quod
715 1832 863 1866 omne
885 1815 1056 1864 datum
1092 1815 1337 1879 optimum
1360 1821 1410 1864 et
1431 1831 1580 1864 omne
1602 1816 1791 1865 donum
1821 1818 2004 1881 perfec-

564 1910 673 1953 tum
710 1902 964 1950 desursum
1012 1907 1101 1957 est,
1138 1899 1447 1948 descendens
1485 1918 1516 1949 a
1554 1901 1697 1950 Patre
1736 1902 2003 1962 luminum,

565 1989 649 2051 qui
671 1988 740 2035 eis
764 1987 845 2048 qui
868 1985 1113 2048 postulant
1147 2000 1178 2032 a
1217 2000 1268 2032 se
1307 1985 1605 2048 sapientiam
1643 1985 1729 2034 dat
1768 1988 2004 2036 omnibus

566 2071 839 2125 affluenter,
893 2068 1064 2116 statuit
1117 2083 1295 2116 omnes
1350 2067 1533 2116 Christi
1571 2068 1745 2118 fideles
1798 2070 2003 2133 hujusce

565 2154 779 2203 civitatis
803 2153 1155 2209 Quebecensis,
1180 2166 1397 2213 quorum,
1419 2152 1549 2200 sicut
1566 2160 1613 2200 et
1631 2154 1783 2202 totius
1804 2154 2003 2203 Provin-

565 2240 655 2288 ciae
676 2237 832 2301 gratia
850 2237 1133 2292 celebratur,
1152 2235 1481 2284 exhortandos
1499 2252 1622 2293 esse,
1640 2244 1781 2300 prout
1809 2239 2004 2288 hortan-

566 2332 658 2380 tur,
680 2329 733 2370 ut
758 2337 811 2369 se
834 2337 863 2369 a
886 2322 1102 2383 peccatis
1141 2320 1385 2368 hactenus
1408 2322 1693 2370 commissis
1726 2323 2005 2381 emendare,

567 2426 626 2459 ac
669 2408 729 2456 de
784 2413 957 2455 caetero
1010 2407 1063 2455 in
1102 2407 1277 2455 timore
1322 2406 1522 2455 Domini
1577 2408 1842 2467 ambulare,
1909 2410 2004 2472 piis

534 2493 797 2557 ‘operibus
852 2492 1049 2548 instare,
1098 2490 1162 2539 ad
1217 2492 1536 2540 Sacramenta
1595 2493 1904 2542 Poenitentiae
1957 2502 2006 2544 et

567 2577 888 2627 Eucharistiae
928 2577 1234 2639 frequentius
1274 2576 1521 2634 accedere,
1566 2584 1615 2626 et
1667 2578 1887 2641 quotidie
1922 2596 2006 2643 pro

567 2663 822 2728 Episcopis
857 2668 904 2711 et
938 2663 1276 2711 sacerdotibus
1315 2662 1397 2711 hic
1436 2663 1653 2725 legitime
1693 2666 2006 2728 congregatis

568 2751 808 2798 instanter
844 2762 975 2794 orare
1012 2747 1203 2803 velint3
1256 2746 1458 2794 eosdem
1496 2762 1610 2796 vero
1648 2748 1918 2812 Episcopos
1957 2755 2007 2798 et

572 2831 856 2886 sacerdote-²³,
895 2837 949 2879 ut
988 2829 1187 2879 assidue
1224 2830 1521 2880 incumbant
1552 2832 1605 2881 in
1643 2831 1873 2883 laudibus
1899 2833 2006 2891 Dei,
