2412 3432
25 756 31 761 .
45 734 212 765 MERIOAE

17 966 132 1022 tque
147 959 212 1008 ad

27 1045 213 1095 onserre

21 1146 214 1180 crorum

41 1214 211 1277 praefi-

16 1315 213 1362 empore

40 1383 213 1431 hiben-

21 1469 206 1516 ssimae

4 1569 87 1601 em
128 1568 214 1616 pro

3 1639 215 1687 cialibus

0 1737 215 1770 accomo-

0 1808 215 1855 Statibus

0 1898 214 1940 emantur

0 1993 214 2034 oeceses,

8 2063 215 2110 Sacrum

0 2153 215 2209 ›portuna

33 2231 214 2293 quibus

0 2316 214 2378 {piscopi,

11 2403 215 2464 ejusque

0 2486 56 2533 Et
94 2501 215 2533 sane

0 2569 213 2618 ecretum

0 2673 42 2702 m
76 2654 214 2701 Dioe-

2 2740 217 2785 inciamm

989 379 1325 415 »mvn-remu
1347 379 1421 413 ιιι.
1856 368 1918 416 81

543 486 576 509 “
600 481 730 529 Cum
764 480 829 530 ad
860 482 1136 547 Religionis
1169 484 1531 532 incrementum
1573 483 1627 531 in
1661 482 1920 535 foederatis

480 571 513 596 ‘⁴
536 567 795 615 Americae
840 567 1143 630 Regionibus
1185 569 1412 618 stabilius
1453 568 1813 632 procurandum
1866 572 1921 622 in

482 657 515 680 ‘⁴
537 651 708 714 primis
749 652 985 709 corfferat,
1024 659 1077 702 ut
1115 653 1464 716 Episcoporum
1499 651 1817 725 Dioecesium
1851 654 1924 704 ibi

482 739 514 764 ⁴⁴
538 740 833 783 statutarum
865 735 1117 785 electionis
1155 737 1505 799 gravissimum
1543 738 1796 800 negoti-um
1831 739 1922 788 rite

482 823 515 848 ‘⁴
538 824 807 881 sancteque
829 819 1144 878 absolvatur3
1187 822 1233 868 S.
1257 822 1313 868 C.
1346 819 1407 868 de
1442 819 1763 883 Propeganda
1798 821 1919 871 Fide

483 909 515 932 ‘⁴
537 902 681 952 valde
703 909 1030 965 opportunum
1059 920 1169 952 esse
1192 904 1249 952 ad
1273 903 1367 952 hoc
1388 904 1796 965 consequendum
1818 907 1920 955 exi-

482 992 515 1015 ‘⁴
536 987 764 1043 stimans,
779 992 834 1035 ut
847 993 978 1036 certa
996 987 1256 1036 methodus
1280 988 1461 1050 ubique
1482 987 1652 1036 inillis
1670 989 1920 1039 Dioecesi-

484 1076 516 1100 ‘⁴
537 1071 633 1120 bus
647 1071 887 1120 servanda
903 1078 1159 1126 statuatur,
1174 1088 1270 1134 qua
1283 1073 1385 1129 fiat,
1404 1078 1458 1120 ut
1471 1071 1621 1120 Sedes
1636 1074 1922 1135 Apostolica

486 1160 517 1185 ⁴⁴
540 1157 842 1219 exploratam
897 1156 1126 1204 notitiam
1180 1157 1356 1205 habere
1419 1156 1572 1219 possit
1635 1158 1921 1208 meritorum

484 1245 521 1269 “⁴
539 1240 858 1289 Sacerdotum
879 1256 964 1303 pro
981 1241 1159 1302 quibus
1173 1239 1631 1289 commendationes
1643 1242 1921 1303 afferuntur,

484 1326 595 1374 “in
628 1326 855 1374 Generali
896 1327 1160 1374 Conventu
1197 1325 1275 1374 die
1336 1328 1392 1373 18
1428 1326 1596 1373 Martii
1630 1342 1762 1375 anno
1800 1331 1922 1377 1834

482 1416 515 1440 “
536 1410 719 1468 habito,
762 1417 813 1458 et
849 1411 1084 1459 referente
1124 1411 1249 1458 Erno
1287 1416 1337 1458 et
1370 1410 1494 1458 Rmo
1528 1411 1588 1458 D.
1622 1412 1665 1458 J.
1699 1412 1918 1462 Antonio

483 1499 514 1522 ‘⁴
538 1495 585 1543 S.
620 1494 675 1541 R.
709 1494 765 1541 E.
790 1493 1042 1542 Cardinali
1064 1493 1190 1550 Sala,
1228 1493 1420 1542 censuit
1441 1500 1490 1542 et
1511 1493 1728 1543 decrevit
1764 1496 1819 1544 in
1852 1513 1913 1546 ea

480 1584 514 1607 ⁴⁴
535 1595 586 1627 re
609 1594 717 1628 esse
741 1579 978 1629 servanda
1002 1595 1128 1641 quae
1152 1585 1433 1642 sequuntur.

547 1679 576 1703 ‘⁴
601 1675 729 1723 Cum
753 1675 915 1737 aliqua
957 1674 1107 1723 Sedes
1144 1675 1448 1738 Episcopalis
1481 1676 1725 1724 vacaverit
1757 1679 1914 1740 requi·

479 1764 513 1789 ‘⁴
534 1760 744 1809 rendum
797 1765 872 1808 est
932 1758 1280 1821 Episcoporum
1345 1759 1571 1806 omnium
1635 1760 1912 1822 provinciae

481 1851 514 1874 ‘⁴
536 1846 906 1894 ecclesiasticae
930 1844 1216 1906 suffragium
1239 1843 1300 1890 de
1324 1842 1665 1891 Sacerdotibus
1687 1844 1914 1906 singulis,

480 1934 512 1959 ⁴⁴
534 1930 621 1992 qui
643 1929 757 1978 Sedi
781 1929 1093 1992 Apostolicae
1129 1926 1512 1977 commendandi
1547 1943 1656 1975 esse
1690 1928 1918 1979 videntur

479 2022 511 2046 ⁴⁴
532 2033 616 2081 pro
639 2032 768 2064 nova-
790 2015 1019 2079 Episcopi
1039 2015 1295 2062 electione.
1362 2013 1610 2068 Quoniam
1633 2027 1747 2061 vero
1778 2014 1829 2063 id
1863 2015 1914 2065 in

480 2109 511 2131 ⁴⁴
535 2102 760 2150 Concilio
813 2100 1110 2149 Provinciali
1162 2099 1399 2147 facillime
1441 2103 1492 2146 et
1534 2105 1760 2147 accurate
1810 2100 1914 2149 fieri

479 2192 512 2216 ‘⁴
534 2193 707 2250 potest,
751 2186 795 2233 si
837 2187 965 2234 intra
1007 2191 1104 2233 tres
1147 2199 1347 2231 menses
1389 2182 1450 2230 ab
1503 2181 1639 2230 obitu
1683 2182 1913 2247 Episcopi

478 2277 509 2300 ‘⁸'
533 2269 815 2320 Conciiiurn
839 2268 1145 2317 Provinciale
1176 2264 1460 2315 habendum
1496 2265 1574 2321 sit,
1607 2266 1913 2327 expectanda

478 2362 510 2385 ‘⁴
532 2357 624 2405 erit
665 2356 880 2404 Concilii
924 2354 1200 2410 celebrati0,
1245 2358 1511 2414 antequam
1554 2349 1615 2400 ad
1660 2366 1913 2401 commen·

478 2446 508 2468 ⁴⁴
531 2438 720 2488 dandos
744 2438 1043 2495 Sacerdotes
1066 2438 1152 2501 qui
1169 2437 1464 2500 Episcopatu
1478 2433 1618 2496 digni
1633 2441 1911 2493 censentur,

477 2529 511 2552 ⁴⁴
530 2523 594 2572 ad
650 2525 698 2571 S.
755 2523 1201 2585 Congregationem
1255 2520 1505 2568 scribatur.
1569 2518 1627 2565 In
1688 2519 1913 2568 Concilio

478 2612 510 2635 ⁴⁴
532 2614 699 2656 autem
719 2606 913 2656 collatis
936 2608 1063 2655 inter
1079 2622 1133 2654 se
1150 2604 1410 2653 sententiis
1428 2602 1656 2666 Episcopi
1675 2608 1913 2662 statuant,

478 2698 508 2721 ‘⁴
530 2709 652 2755 quos
675 2689 961 2741 Sacerdotes
984 2692 1029 2740 S.
1054 2690 1170 2740 Sedi
1191 2687 1544 2739 commendent
1559 2702 1674 2736 vere‘
1694 2688 1914 2749 idoneoS,

640 2835 665 2875 6
