2396 3400
998 370 1336 405 raovnrcnum
1360 371 1437 404 ιιι.
1878 356 1936 402 73

496 472 645 520 tismo
667 469 951 520 adultorum
973 473 1183 522 sormam
1220 489 1306 537 pro
1333 489 1595 536 puerorum
1619 473 1863 536 baptismo
1884 472 1938 520 in

496 556 685 605 Rituali
707 556 932 606 Romano
953 559 1300 621 praescriptam,
1324 574 1513 607 memor
1534 559 1580 606 S.
1605 557 1818 619 Congtio
1841 556 1933 604 hoc

497 640 632 688 idem
654 638 908 689 indultum
931 641 1088 689 semel
1110 648 1159 691 et
1180 642 1360 691 iterum
1377 645 1482 705 jam
1505 658 1534 691 a
1557 657 1610 690 se
1633 641 1938 702 denegatum

495 724 648 773 fuisse
672 724 931 788 Episcopis
954 725 1348 783 Canadensibus,
1366 742 1484 775 cum
1501 725 1624 774 illud
1646 725 1767 773 etin
1784 724 1939 786 prima

496 814 547 856 et
596 808 650 857 in
706 808 926 858 secunda
979 810 1278 858 Provinciali
1332 809 1528 873 Synodo
1582 809 1935 871 postulassent,

497 893 709 943 minime
731 892 914 942 adduci
935 893 1095 957 potuit
1116 893 1177 942 ad
1202 893 1534 942 recedendum
1554 909 1583 941 a
1602 891 1799 949 decisiS,
1823 906 1940 939 cum

497 977 663 1026 nullas
685 977 860 1048 viderit
882 993 913 1026 a
933 978 1160 1040 praesenti
1183 978 1409 1026 Concilio
1441 977 1655 1025 rationes
1678 976 1865 1024 allatas
1885 975 1939 1023 in

497 1061 716 1110 savorem
748 1076 992 1110 novarum
1031 1077 1247 1124 precum.
1312 1061 1533 1109 Tertiam
1568 1060 1782 1122 denique
1818 1060 1940 1122 peti-

497 1146 704 1204 tionem,
726 1163 823 1209 qua
844 1147 1056 1196 facultas
1078 1146 1380 1196 desideratur
1401 1145 1670 1196 adhibendi
1692 1146 1745 1193 in
1769 1161 1936 1193 recon-

500 1229 757 1279 ciliatione
820 1230 1161 1279 haereticorum
1216 1231 1414 1279 brevem
1468 1229 1767 1284 formulam,
1800 1229 1941 1289 cujus

499 1328 650 1362 usum
688 1314 735 1361 S.
776 1311 931 1362 Sedes
968 1312 1212 1362 foederatis
1251 1314 1493 1361 Americae
1532 1312 1938 1374 septentrionalis

499 1397 765 1461 provinciis
807 1399 1117 1447 concessisse
1159 1398 1353 1454 dicitur,
1393 1397 1445 1445 S.
1485 1397 1541 1444 C.
1591 1395 1940 1444 remittendam

500 1487 700 1536 censuit
721 1486 784 1536 ad
822 1502 1105 1550 supremam
1139 1486 1533 1549 Inquisitionem,
1569 1500 1628 1532 eo
1668 1484 1744 1532 vel
1781 1483 1941 1546 magis

502 1569 633 1633 quod
665 1585 728 1619 ex
761 1570 889 1620 actis
927 1570 1006 1619 sui
1044 1569 1297 1619 Tabularii
1334 1569 1527 1618 nullum
1567 1567 1746 1616 habere
1784 1567 1943 1630 potuit

501 1653 748 1704 indicium
769 1654 829 1703 de
852 1655 1101 1718 ejusmodi
1122 1656 1259 1705 brevi
1280 1656 1487 1704 formula
1510 1653 1755 1703 foederatis
1788 1656 1936 1703 Ame-

501 1739 613 1788 ricae
636 1739 861 1789 Statibus
882 1741 1004 1789 olim
1027 1757 1282 1790 concessa.

564 1824 688 1874 Haec
732 1831 851 1875 sunt
893 1841 1002 1889 quae
1046 1827 1106 1875 de
1154 1827 1297 1875 tertio
1367 1825 1663 1875 Provinciali
1716 1825 1943 1873 Concilio

504 1910 818 1966 Quebecensi
853 1910 969 1959 Tibi
1003 1927 1035 1959 a
1071 1926 1151 1960 me
1190 1917 1328 1959 erant
1366 1908 1707 1972 significanda.
1774 1907 1944 1957 Precor

502 1992 667 2041 Deum
692 1998 745 2042 ut
765 1999 813 2041 te
836 1992 921 2042 diu
939 1994 1175 2057 sospitem
1198 2000 1247 2042 et
1269 1993 1578 2041 incolumem
1601 1997 1772 2040 servet.

563 2086 735 2136 Romae
758 2103 821 2135 ex
845 2087 954 2135 AEd.
980 2089 1027 2136 S.
1052 2090 1106 2136 C.
1129 2088 1190 2136 de
1215 2088 1267 2135 P.
1292 2088 1345 2135 F.
1368 2087 1448 2135 die
1475 2091 1530 2135 19
1556 2087 1681 2149 Aug.
1709 2089 1843 2135 1865.

690 2204 853 2268 Ampl.
878 2206 1001 2254 Tuae
1023 2207 1095 2254 uti
1118 2206 1286 2254 Frater
1305 2205 1693 2262 addictissimus,

1200 2354 1279 2402 Al.
1313 2355 1369 2402 C.
1403 2355 1655 2409 BARNAno,
1678 2352 1815 2400 Praef.

1305 2460 1367 2506 H.
1400 2458 1643 2514 Culum-1,
1666 2457 1872 2505 Secrius.
