2312 3368
661 374 750 420 112
1251 383 1522 418 Armumx.

654 496 834 543 gnantes
871 495 914 532 et
951 500 1214 544 summopere
1251 487 1448 529 adversos
1484 486 1769 542 reprobamus,
1810 484 2108 541 proscribimus

656 561 784 611 atque
803 555 1062 596 damnamus.

709 619 801 662 Vos
838 623 991 670 autem,
1030 617 1303 659 Venerabiles
1340 615 1522 668 Fratres,
1553 616 1626 671 qui
1659 616 1756 658 estis
1786 615 1849 658 sal
1881 620 2030 668 terrae,
2065 620 2108 658 et

656 684 869 728 Dominici
905 683 1045 740 gregis
1081 682 1298 735 Custodes,
1333 695 1382 723 ac
1416 681 1622 733 Pastores,
1656 681 1787 723 etiam
1819 685 1950 737 atque
1978 681 2108 724 etiam

656 752 886 794 excitamus
905 754 947 791 et
976 749 1243 801 obtestamur,
1275 752 1322 789 ut
1353 761 1430 802 pro
1460 747 1614 788 eximia
1642 745 1797 789 Vestra
1829 746 2033 802 religione
2065 752 2108 789 et

656 814 882 871 episcopali
919 813 1009 855 zelo
1045 812 1239 868 pergatis,
1278 811 1411 854 veluti
1450 811 1588 853 adhuc
1625 825 1723 854 cum
1760 825 1925 853 summa
1962 811 2107 854 Vestri

657 881 828 923 Ordinis
846 879 970 921 laude
988 878 1155 931 fecistis,
1174 878 1289 920 omni
1318 891 1430 929 cura,
1460 877 1682 919 sedulitate
1711 881 1754 919 et
1783 877 1924 919 studio
1956 876 2105 920 fideles

655 946 792 988 Vobis
811 944 984 987 traditos
1004 944 1056 986 ab
1087 943 1199 986 hisce
1229 943 1445 985 venenatis
1464 942 1627 998 pascuis
1646 956 1800 996 arcere,
1819 947 1861 985 et
1881 956 1966 998 qua
1985 956 2101 996 voce,

655 1026 741 1067 qua
760 1009 1005 1065 opportunis
1035 1009 1198 1064 scriptis
1226 1013 1289 1050 tot
1319 1021 1610 1063 perversarum
1641 1007 1888 1062 opinionum
1918 1013 2105 1049 monstra

654 1075 842 1118 refellere
860 1080 902 1117 et
920 1072 1153 1129 profligare.
1212 1073 1385 1128 Optime
1412 1073 1526 1114 enim
1544 1073 1656 1114 scitis
1676 1074 1729 1115 de
1748 1086 1912 1115 summa
1941 1087 1986 1115 re
2015 1073 2099 1128 agi,

654 1154 751 1182 cum
783 1145 932 1194 agatur
961 1139 1015 1180 de
1046 1138 1327 1180 sanctissimae
1355 1136 1455 1179 fidei
1488 1143 1669 1191 nostrae,
1702 1151 1752 1179 ae
1785 1138 1838 1181 de
1870 1137 2105 1180 catholicae

653 1205 865 1248 Ecclesiae
884 1203 1057 1259 ejusque
1089 1202 1303 1245 doctrinae
1335 1216 1472 1256 causa,
1507 1204 1559 1245 de
1590 1204 1842 1259 populorum
1875 1203 2022 1257 salute,
2059 1209 2103 1246 et

654 1271 863 1312 humanae
881 1269 1090 1311 societatis
1114 1269 1225 1310 bono
1258 1282 1307 1310 ac
1338 1269 1654 1324 tranquillitate.
1711 1269 1875 1326 Itaque,
1896 1276 2106 1325 quantum

652 1336 697 1377 in
716 1335 853 1377 Vobis
883 1339 958 1386 est,
988 1347 1042 1374 ne
1071 1333 1269 1375 desinatis
1298 1347 1486 1388 unquam
1516 1348 1541 1376 a
1572 1334 1767 1377 fidelibus
1800 1341 1985 1378 avertere
2017 1342 2106 1378 tam

653 1403 770 1444 dirae
815 1400 942 1456 pestis
978 1400 1185 1455 contagia,
1213 1399 1258 1441 id
1296 1404 1359 1441 est
1395 1400 1448 1441 ab
1487 1414 1631 1442 eorum
1668 1401 1799 1443 oculis
1826 1402 2107 1456 manibusque

653 1467 903 1524 perniciosos
947 1466 1077 1508 libros
1123 1471 1164 1508 et
1202 1465 1489 1521 ephemerides
1527 1466 1697 1522 eripere,
1730 1466 1926 1523 ipsosque
1959 1467 2105 1511 fideles

652 1532 921 1576 sanctissimis
941 1536 1142 1585 augustae
1160 1536 1326 1573 nostrae
1337 1531 1550 1588 religionis
1561 1532 1924 1587 praeceptionibus
1939 1533 2106 1575 assidue

651 1600 841 1642 imbuere
879 1602 920 1640 et
957 1597 1133 1650 erudire,
1181 1611 1231 1638 ac
1268 1611 1438 1639 monere
1475 1602 1517 1639 et
1552 1597 1773 1650 exhortari,
1814 1603 1861 1640 ut
1898 1599 1953 1640 ab
1991 1598 2105 1641 hisee

651 1663 888 1719 iniquitatis
923 1662 1148 1717 magistris,
1186 1666 1407 1716 tamquam
1454 1677 1479 1705 a
1526 1663 1633 1705 facie
1678 1663 1842 1706 colubri
1884 1663 2103 1720 effugiant.

651 1728 822 1782 Pergite
839 1726 1017 1769 Vestras
1036 1740 1178 1768 omnes
1197 1740 1316 1768 curas
1336 1727 1693 1783 cogitationesque
1711 1728 1754 1769 in
1773 1729 1817 1771 id
1836 1729 2103 1784 potissimum

652 1794 851 1843 conferre,
871 1798 919 1834 ut
939 1792 1084 1833 Olerus
1103 1797 1244 1833 sancte
1263 1794 1523 1846 scienterque
1540 1793 1795 1847 instituatur,
1823 1794 2104 1850 omnibusque

652 1859 880 1901 virtutibus
915 1856 1088 1911 fulgeat,
1126 1862 1174 1898 ut
1210 1858 1428 1912 utriusque
1460 1872 1580 1899 sexus
1607 1859 1809 1914 juventus
1846 1859 1901 1901 ad
1937 1874 2103 1902 morum

652 1925 927 1974 honestatem,
944 1923 1156 1977 pietatem,
1173 1922 1424 1978 omnemque
1438 1923 1636 1964 virtutem
1651 1924 1795 1966 sedulo
1814 1924 2028 1977 formetur,
2051 1931 2100 1967 ut

653 1988 847 2031 salutaris
866 1988 919 2028 sit
938 1986 1169 2027 studiorum
1200 1987 1317 2028 ratio.
1375 1987 1442 2029 Ac
1474 1988 1790 2043 diligentissime
1810 1989 2041 2044 advigilate
2060 1996 2102 2033 et

652 2054 887 2111 prospicite,
907 2066 961 2094 ne
980 2052 1024 2092 in
1044 2052 1308 2094 humaniores
1335 2053 1509 2106 litteras,
1536 2054 1842 2109 severioresque
1861 2054 2103 2110 disciplinas

652 2118 875 2162 tradendas
921 2116 1082 2171 aliquid
1128 2130 1316 2171 unquam
1362 2117 1519 2172 irrepat
1564 2118 1678 2173 quod
1732 2117 1845 2171 fidei,
1892 2119 2100 2174 religioni,

650 2185 855 2239 bonisque
892 2182 1077 2224 moribus
1124 2182 1376 2224 adversetur.
1434 2181 1624 2225 Viriliter
1662 2183 1785 2238 agite,
1825 2183 2102 2226 Venerabiles

650 2252 830 2300 Fratres,
877 2254 917 2290 et
968 2261 1021 2289 ne
1072 2248 1212 2289 animo
1262 2262 1448 2303 unquam
1495 2249 1721 2291 concidatis
1765 2250 1810 2291 in
1855 2249 1935 2292 hac
1981 2255 2102 2292 tanta

650 2322 890 2371 temporum
927 2313 1240 2368 perturbatione
1277 2318 1319 2354 et
1355 2313 1591 2368 iniquitate,
1630 2314 1702 2356 sed
1748 2314 1893 2356 divino
1940 2315 2097 2357 auxilio

651 2382 820 2424 omnino
839 2380 950 2431 freti,
972 2392 1019 2420 ae
1047 2383 1248 2420 sumentes
1280 2377 1329 2419 in
1361 2378 1552 2420 omnibus
1582 2384 1745 2421 acutam
1776 2379 2097 2434 ineoepuqnabile

650 2446 875 2503 aequitatis
892 2443 1061 2499 etfidei‚
1081 2449 1201 2499 atque
1221 2449 1470 2486 assumentes
1487 2444 1682 2499 qladium
1701 2444 1894 2500 epiricus,
1914 2444 2026 2500 quod
2038 2450 2097 2487 est

649 2512 816 2556 verbum
840 2510 934 2561 Dei,
954 2523 1008 2551 ne
1027 2509 1309 2551 intermittatis
1329 2510 1517 2569 omnium
1537 2510 1766 2553 catholicae
1794 2510 2020 2564 Ecclesiae,
2055 2515 2097 2553 et

650 2577 721 2632 huj
729 2591 777 2618 us
797 2575 1066 2630 Apostolicae
1083 2574 1201 2616 Sedis
1214 2574 1398 2616 hostium
1413 2576 1631 2617 conatibus
1645 2576 1856 2629 obsistere,
1871 2589 2101 2632 eorumque

650 2643 735 2684 tela
755 2641 975 2683 retundere
994 2645 1035 2681 et
1053 2640 1232 2695 impetus
1251 2639 1454 2694 frangere.

704 2717 881 2759 Interim
903 2730 1000 2758 vero
1019 2716 1107 2757 dies
1125 2720 1361 2771 noctesque,
1392 2716 1567 2758 sublatis
1587 2716 1640 2758 ad
1667 2715 1830 2758 caelum
1859 2716 1991 2758 oculis
2011 2730 2096 2757 non

651 2783 908 2834 desistamus,
929 2780 1202 2823 Venerabiles
1217 2780 1396 2834 Fratres,
1415 2781 1784 2823 clementissimum
1799 2780 2097 2823 misericordia-
