2396 3416
987 373 1321 410 Pnovnwmu:
1349 379 1424 413 111.

1141 624 1167 691 ς
1201 627 1265 674 11.

841 749 1565 839 DECRETA

1067 929 1315 959 *mu-

1036 1058 1318 1093 DECRETUM
1340 1061 1373 1093 1.

923 1180 998 1229 De
1021 1183 1263 1246 aperienda
1288 1183 1482 1247 Synodo.

543 1317 602 1368 In
625 1318 831 1368 nomine
869 1319 1208 1368 Sanctissimae
1243 1327 1293 1369 et
1327 1320 1602 1372 Individuae
1642 1326 1922 1385 Trinitatis,

480 1405 639 1454 Patris
663 1410 713 1453 et
737 1405 853 1453 Filii
876 1411 926 1453 et
949 1405 1158 1468 Spiritus
1180 1407 1362 1454 Sancti.

543 1489 647 1537 Nos
692 1489 899 1536 Carolus
944 1489 1236 1537 Franciscus
1281 1491 1608 1554 Baillargeon,
1648 1494 1922 1558 Episcopus

480 1572 799 1631 Tloanensis‚
854 1573 1092 1622 Ecclesiae
1143 1574 1527 1637 Metropolitanae
1582 1578 1921 1634 Quebecensis

479 1658 877 1715 Administrator,
896 1658 959 1707 ad
976 1658 1177 1707 laudern
1193 1665 1243 1707 et
1259 1660 1465 1721 gloriam
1480 1661 1572 1709 Dei
1589 1669 1639 1710 et
1656 1664 1920 1714 Salvatoris

479 1744 645 1794 Nostri
685 1746 807 1793 Jesu
843 1745 1028 1793 Christi
1065 1744 1303 1807 unigeniti
1339 1745 1455 1794 Filii
1490 1747 1601 1804 Dei,
1637 1748 1770 1797 Patri
1805 1766 1921 1798 con-

481 1830 843 1886 substantialis,
883 1830 983 1892 qui,
1021 1845 1106 1892 pro
1141 1829 1284 1878 nobis
1318 1845 1429 1878 earo
1464 1831 1640 1889 factm,
1677 1847 1809 1880 unus
1845 1841 1921 1884 est

478 1916 573 1964 Dei
596 1921 645 1963 et
666 1914 933 1963 hominum
957 1914 1203 1972 mediator,
1237 1920 1286 1962 et
1308 1921 1478 1963 auctor
1499 1917 1673 1964 salutis
1706 1925 1885 1967 nostrae
1906 1937 1920 1978 ;

479 2000 571 2049 sub
593 2000 750 2048 tutela
767 2005 816 2048 et
832 1999 1058 2062 praesidio
1078 1999 1251 2047 Matris
1269 2000 1371 2060 eJ'us
1390 2000 1715 2057 Beatissimae,
1734 2003 1919 2051 Imma-

477 2086 669 2141 culatae,
692 2101 751 2133 ac
775 2100 969 2147 semper
990 2084 1208 2145 Virginis
1233 2084 1413 2140 Mariae,
1438 2085 1734 2134 Sanctorum
1754 2088 1919 2149 Ange-

477 2171 652 2227 lorum,
688 2185 775 2218 nec
811 2185 914 2218 non
951 2169 1122 2218 Sancti
1143 2168 1339 2230 Joseph,
1362 2169 1674 2217 Beatissimae
1697 2171 1917 2232 Virginis

476 2255 572 2303 Dei
594 2253 862 2303 Genitricis
897 2253 1066 2301 Mariae
1089 2252 1279 2315 Sponsi,
1312 2251 1464 2299 totius
1498 2252 1647 2314 hujus
1682 2253 1919 2314 Regionis

477 2339 789 2389 Canadensis
813 2339 1024 2395 Patroni,
1051 2338 1220 2386 Sancti
1242 2338 1370 2386 Petri
1394 2338 1743 2400 Apostolorum
1779 2340 1915 2388 Prin-

475 2425 615 2487 cipis,
661 2425 956 2472 Sanctorum
998 2437 1207 2484 quorum
1244 2420 1517 2483 patrocinio
1551 2421 1918 2470 Ecclesiasticae

475 2510 621 2558 istius
630 2508 900 2557 Provinciae
914 2507 1253 2565 Quebecensis
1268 2505 1586 2554 Cathedrales
1605 2512 1653 2553 et
1667 2506 1917 2557 Dioeceses

474 2595 782 2651 muniuntur,
805 2600 953 2656 atque
976 2593 1204 2641 omniurn
1244 2592 1551 2647 Sanctorum,
1576 2591 1837 2639 statuimus
1859 2608 1917 2641 ac

474 2680 803 2738 decernimus,
826 2679 888 2728 de
921 2679 1129 2728 consilio
1160 2694 1221 2726 ac
1255 2691 1501 2725 consensu
1524 2676 1771 2724 Rmorum
1804 2677 1916 2739 Epi-

476 2781 735 2830 scoporum
760 2773 1037 2815 nostrorum
1060 2761 1567 2826 comprovincialium,
1590 2761 1682 2808 hac
1707 2762 1815 2823 ipsa
1836 2761 1917 2811 die
