2312 3352
38 2574 50 2971 mr--1-2-2--4swe-„.‚W„
47 2533 50 2559 ,ἡ
48 2492 50 2516 <2
48 2430 51 2461 „⁴-
49 2372 52 2395 Ὗ

611 354 701 401 108
1195 367 1468 401 Atrnnmx.

607 484 717 525 quae
735 471 843 512 inter
873 471 1063 513 membra
1091 470 1257 525 mystici
1286 471 1469 525 corporis
1502 467 1673 521 Christi,
1704 473 1744 511 et
1773 468 2057 524 adspectabile

606 549 730 577 suum
751 535 891 591 Caput
909 550 960 578 ex
980 536 1121 577 divina
1154 535 1285 591 ipsius
1319 534 1475 578 Christi
1493 533 1666 576 Domini
1692 534 1952 576 institutione
1970 548 2057 577 esse

607 601 777 643 omnino
810 602 947 643 debet.
1004 600 1126 643 Nihil
1159 614 1261 642 vero
1293 600 1445 642 timent
1474 599 1589 641 omni
1620 599 1786 642 fallacia
1819 613 1867 642 ac
1896 599 1994 642 dolo
2011 601 2058 642 in

607 665 762 721 vulgus
807 667 1002 722 proferre,
1041 680 1179 708 sacros
1211 665 1423 708 Ecclesiae
1464 665 1685 717 ministros,
1733 664 2059 720 Romanumque

607 729 859 773 Pontificem
880 731 932 772 ab
952 731 1065 772 omni
1086 744 1225 772 rerum
1244 729 1538 786 temporalium
1566 728 1663 785 jure
1694 743 1742 773 ac
1766 729 1952 772 dominio
1971 741 2059 772 esee

607 796 778 838 omnino
798 796 1091 838 excludendos.

662 872 836 914 Summa
892 878 1107 927 praeterea
1154 871 1421 927 impudentia
1481 884 1661 913 asserere
1705 885 1790 912 non
1846 871 2058 924 dubitant,

607 937 795 979 divinam
815 938 1113 979 revelationem
1131 950 1217 979 non
1237 936 1371 979 solum
1389 936 1495 978 nihil
1514 937 1725 993 prodesse,
1750 950 1896 979 verum
1924 937 2053 979 etiam

608 1016 757 1044 nocere
788 1002 968 1045 hominis
1001 1003 1259 1058 perfectioni,
1288 1002 1508 1058 ipsamque
1536 1002 1725 1044 divinam
1758 1002 2056 1045 revelationem

607 1082 694 1110 esse
712 1069 1013 1124 imperfectam,
1050 1074 1090 1111 et
1109 1069 1260 1111 iccirco
1287 1068 1521 1124 subjectam
1540 1067 1738 1111 continuo
1766 1074 1806 1110 et
1833 1067 2058 1123 indefinito

607 1133 855 1188 progressui,
903 1134 973 1183 qui
1013 1132 1227 1175 humanae
1264 1134 1440 1175 rationis
1474 1133 1758 1189 progressioni
1794 1133 2055 1188 respondeat.

607 1197 702 1240 Nec
721 1204 918 1240 verentur
935 1199 1111 1254 proinde
1124 1198 1304 1254 jactare,
1332 1197 1573 1254 prophetias
1591 1203 1635 1240 et
1654 1197 1855 1240 miracula
1873 1198 1918 1239 in
1933 1198 2059 1240 sacris

607 1262 773 1304 Litteris
805 1263 994 1317 exposita
1034 1268 1075 1305 et
1118 1267 1288 1304 narrata
1336 1276 1423 1305 esse
1458 1267 1681 1318 poetarum
1717 1268 1966 1314 commenta,
2013 1267 2055 1304 et

607 1331 870 1369 sacrosancta
908 1327 1079 1369 divinae
1113 1327 1211 1369 fidei
1246 1333 1412 1370 nostrae
1441 1328 1641 1383 mysteria
1671 1327 2055 1383 philosophicarum

606 1391 978 1446 investigationum
1026 1405 1249 1445 summam,
1287 1406 1335 1435 ac
1373 1392 1526 1434 divinis
1563 1393 1780 1448 utriusque
1814 1392 2057 1434 testamenti

607 1457 726 1499 libris
744 1457 932 1513 mythica
952 1459 1155 1501 contineri
1175 1458 1361 1511 inventa,
1382 1463 1425 1500 et
1442 1459 1580 1513 ipsum
1599 1458 1832 1500 Dominum
1850 1458 2055 1500 Nostrum

607 1521 638 1564 J
640 1536 757 1564 esum
786 1522 1015 1576 Christum,
1046 1522 1246 1565 horribile
1276 1523 1391 1566 dictu
1413 1524 1422 1565 1
1450 1522 1681 1579 mythicam
1711 1537 1798 1565 esse
1826 1523 2053 1566 fictionem.

608 1587 752 1638 Quare
786 1587 832 1629 hi
869 1588 1217 1631 turbulentissimi
1253 1602 1544 1643 perversorum
1590 1589 1837 1643 dogmatum
1874 1589 2055 1631 cultores

607 1653 835 1706 blaterant,
873 1667 1039 1695 morum
1075 1653 1187 1709 leges
1225 1654 1370 1696 divina
1406 1654 1523 1696 haud
1569 1668 1693 1710 egere
1737 1655 1965 1708 sanctione,
2013 1659 2056 1698 et.

608 1717 781 1759 minime
799 1731 905 1773 opus
934 1731 1035 1771 esse,
1067 1724 1115 1760 ut
1143 1718 1354 1761 humanae
1384 1718 1497 1774 leges
1527 1719 1582 1760 ad
1609 1723 1785 1761 naturae
1797 1718 1869 1775 jus
1899 1719 2059 1761 confor-

607 1787 786 1836 mentur,
826 1788 900 1824 aut
928 1782 1145 1839 obligandi
1174 1783 1264 1825 vim
1296 1797 1321 1825 a
1358 1784 1452 1826 Deo
1488 1784 1711 1839 accipiant,
1749 1798 1798 1827 ac
1834 1792 2055 1840 propterea

609 1853 811 1902 asserunt,
845 1849 1008 1891 nullam
1042 1850 1232 1891 divinam
1262 1850 1437 1892 existere
1460 1850 1610 1906 legem.
1667 1849 1844 1906 Insuper
1880 1849 2058 1892 inficiari

609 1915 765 1957 audent
801 1929 967 1957 omnem
1004 1916 1087 1958 Dei
1117 1916 1160 1957 in
1194 1915 1384 1959 homines
1420 1916 1712 1971 mundumque
1748 1916 1968 1968 actionem,
2007 1929 2056 1958 ac

608 1985 765 2022 temere
804 1979 1028 2034 affirmant,
1074 1980 1304 2023 humanam
1351 1981 1570 2033 rationem,
1610 1980 1727 2023 nullo
1766 1994 1935 2036 prorsus
1973 1979 2056 2022 Dei

607 2050 801 2100 respectu
841 2044 999 2097 habito,
1047 2046 1218 2087 unicum
1264 2059 1352 2088 esse
1389 2046 1476 2088 veri
1514 2051 1556 2088 et
1590 2045 1699 2098 falsi,
1737 2045 1838 2088 boni
1874 2050 1917 2087 et
1953 2044 2055 2087 mali

609 2111 830 2164 arbitrum,
846 2112 1121 2166 eamdemque
1134 2111 1366 2153 humanam
1381 2112 1586 2154 rationem
1606 2111 1685 2153 sibi
1703 2112 1783 2166 ipsi
1804 2125 1890 2154 esse
1908 2111 2059 2166 legem,

610 2190 661 2219 ac
680 2176 942 2219 naturalibus
962 2177 1047 2219 suis
1068 2177 1227 2219 viribus
1246 2177 1298 2219 ad
1317 2177 1535 2220 hominum
1558 2191 1609 2220 ac
1628 2177 1878 2232 populorum
1897 2177 2058 2219 bonum

609 2242 841 2285 curandum
862 2242 1062 2285 sufficere.
1119 2243 1231 2285 Cum
1251 2247 1389 2285 autem
1411 2256 1553 2285 omnes
1572 2242 1787 2297 religionis
1800 2242 1995 2284 veritates
2009 2253 2060 2283 ex

609 2308 755 2349 nativa
782 2308 994 2350 humanae
1024 2308 1196 2350 rationis
1215 2308 1260 2349 vi
1291 2322 1483 2363 perverse
1518 2308 1707 2350 derivare
1740 2308 1935 2359 audeant,
1969 2313 2061 2349 tum

610 2372 763 2428 cuique
803 2372 964 2414 homini
995 2373 1210 2427 quoddam
1241 2372 1373 2414 veluti
1403 2372 1649 2428 primarium
1672 2372 1744 2427 jus
1776 2373 1979 2425 tribuunt,
2010 2383 2061 2414 ex

611 2451 696 2492 quo
715 2438 845 2492 possit
864 2437 995 2480 libere
1014 2438 1066 2479 de
1085 2438 1286 2493 religione
1314 2438 1500 2492 cogitare
1529 2443 1571 2479 et
1600 2437 1730 2493 loqui,
1761 2451 1942 2492 eumque
1969 2437 2062 2479 Deo

608 2501 810 2544 honorem
831 2507 872 2544 et
892 2503 1054 2545 cultum
1082 2503 1293 2556 exhibere,
1324 2517 1451 2559 quem
1484 2517 1559 2559 pro
1590 2517 1666 2545 suo
1698 2502 1819 2545 libito
1847 2502 2061 2545 meliorem

611 2567 838 2609 existimat.

663 2633 726 2674 At
747 2646 844 2674 vero
864 2646 912 2675 eo
931 2633 1159 2687 impietatis
1178 2639 1221 2675 et
1239 2633 1525 2689 impudentiae
1553 2633 1795 2687 deveniunt,
1823 2637 1871 2674 ut
1901 2633 2064 2675 coelum

609 2701 764 2751 petere,
796 2710 845 2739 ac
876 2697 1018 2739 Deum
1038 2698 1175 2753 ipsum
1206 2698 1259 2741 de
1288 2698 1428 2741 medio
1459 2698 1604 2740 tollere
1633 2703 1846 2740 conentur.
1903 2697 2063 2753 Insigni

610 2761 721 2805 enim
753 2761 1025 2817 improbitate
1061 2777 1109 2805 ac
1141 2763 1234 2820 pari
1281 2763 1459 2806 stultitia
1505 2762 1620 2806 haud
1668 2763 1818 2806 timent
1869 2777 2064 2811 asserere,
