2412 3448
665 421 729 469 84
1076 429 1356 465 concinium
1379 426 1713 469 aunnncmvsn

667 543 696 565 ‘⁴
718 541 939 599 excepto,
978 533 1270 596 designabit.
1336 532 1387 580 Si
1423 536 1597 593 agatur
1634 528 1697 578 de
1736 526 2103 591 Archiepiscopi

666 624 695 648 ‘⁶
716 618 958 673 electione
1011 616 1174 664 senior
1230 615 1504 677 Episcopus
1562 613 1904 675 suffraganeus
1955 611 2107 663 faciet

666 710 695 735 ‘⁶
717 705 903 761 omnia,
921 718 1045 766 quae
1062 702 1114 750 in
1130 701 1358 763 Episcopi
1374 700 1632 755 electione,
1650 698 1715 748 ab
1728 697 2107 760 Archiepiscopo

667 794 696 818 ‘⁸
717 786 948 837 facienda
969 802 1077 834 esse
1099 784 1351 835 decretum
1373 790 1463 834 est.

730 880 759 902 “
783 871 925 930 Quod
978 870 1186 934 pertinet
1249 867 1313 916 ad
1376 868 1676 916 electionem
1740 866 2107 929 Coadjutorum,

670 965 699 988 ‘⁴
721 963 925 1021 excepto
973 971 1092 1005 casu
1135 969 1230 1017 quo
1275 953 1425 1002 Sedes
1460 953 1745 1016 Apostolica
1779 952 1880 1001 alia
1917 953 2106 1001 ratione

668 1048 697 1071 “
720 1040 968 1104 agendum
983 1055 1090 1087 esse
1104 1038 1345 1096 statuerit,
1361 1039 1649 1101 Episcopus,
1664 1038 1748 1100 qui
1763 1037 2102 1100 Coadjutorem

667 1133 697 1156 “
717 1128 854 1191 petit,
875 1125 1080 1174 nomina
1102 1124 1251 1172 trium
1275 1123 1593 1175 Sacerdotum
1617 1123 2018 1187 Archiepiscopo,
2053 1130 2102 1172 et

667 1218 696 1240 “
719 1209 974 1274 Episcopis
997 1208 1320 1270 suffraganeis
1338 1209 1656 1271 significabit,
1676 1209 1948 1273 supplicem
1965 1209 2106 1257 libel-

668 1299 825 1346 “lum
847 1296 908 1346 de
944 1311 1002 1345 ea
1035 1311 1084 1344 re
1119 1294 1182 1343 ad
1223 1296 1269 1343 S.
1296 1295 1350 1343 C.
1387 1296 1569 1354 mittet,
1609 1302 1659 1344 et
1698 1295 2108 1359 Archiepiscopus

665 1392 693 1417 ‘⁸
716 1392 867 1446 atque
891 1383 1122 1446 Episcopi
1144 1384 1190 1430 S.
1214 1384 1599 1445 Congregationi
1622 1389 1845 1432 mentem
1868 1399 2014 1432 suam
2047 1384 2108 1432 de

665 1475 693 1497 “
717 1467 1009 1530 CoadJ‘utore
1043 1466 1273 1529 eligendo
1304 1467 1763 1516 communicabunt.
1829 1468 1967 1516 Haec
1992 1473 2111 1517 sunt

667 1561 695 1584 “
718 1570 842 1617 quae
875 1553 930 1601 in
964 1552 1378 1601 commendandis
1402 1551 1519 1600 Sedi
1540 1553 1856 1615 Apostolicae
1878 1552 2110 1601 Sacerdo-

667 1638 852 1686 “tibus
911 1652 994 1700 pro
1058 1634 1359 1686 Foederatae
1424 1636 1687 1685 Americae
1753 1637 2110 1700 Episcoporum

669 1729 697 1752 “
719 1723 963 1772 electione
1008 1721 1058 1768 S.
1104 1722 1159 1771 C.
1201 1721 1444 1772 servanda
1491 1722 1813 1785 praescripsit.
1879 1722 1953 1770 Ea
1996 1737 2110 1771 vero

670 1813 699 1836 “
721 1806 990 1854 decernens
1013 1810 1187 1855 notum
1209 1805 1444 1854 omnibus
1467 1821 1576 1854 esse
1602 1806 1754 1854 voluit
1777 1805 1832 1853 in
1854 1804 2026 1855 litteris
2049 1804 2111 1854 de

671 1898 700 1921 “
721 1892 817 1940 hac
855 1890 1264 1954 pertractantibus
1306 1889 1368 1939 ad
1408 1891 1456 1938 S.
1499 1890 1681 1939 Sedem
1715 1890 2110 1940 transmittendis

673 1981 702 2004 “
726 1974 850 2023 nihil
886 1973 1098 2022 iuvenili
1137 1972 1328 2029 debere,
1365 1972 1499 2036 quod
1536 1974 1848 2031 electionem,
1886 1975 2113 2024 nomina-

673 2067 704 2091 “
727 2062 930 2117 tionem,
966 2059 1346 2121 postulationem
1368 2060 1561 2116 innuat,
1601 2058 1689 2108 sed
1720 2060 1905 2123 proprie
1926 2060 2114 2110 dictam

673 2153 703 2175 ‘⁶
725 2142 1228 2200 commendationem,
1251 2143 1320 2191 ita
1341 2149 1397 2192 ut
1419 2143 1573 2193 etiam
1591 2159 1654 2191 ex
1671 2143 1941 2192 litterarum
1959 2143 2116 2193 forma

675 2238 706 2261 “
728 2235 895 2294 pateat
934 2229 1125 2277 nullam
1168 2228 1221 2276 in
1263 2227 1310 2275 S.
1337 2227 1518 2278 Sedem
1555 2229 1722 2277 inferri
1758 2228 2116 2291 obligationem

677 2322 706 2345 “
729 2313 949 2377 eligendi
982 2313 1200 2374 aliquem
1235 2328 1298 2360 ex
1339 2312 1741 2363 commendatis:
1803 2313 1940 2362 salva
1978 2315 2117 2364 enim

678 2406 708 2429 “
731 2414 930 2449 manere
952 2396 1096 2446 debet
1130 2403 1178 2445 et
1213 2396 1386 2445 illaesa
1411 2396 1552 2445 Sedis
1578 2397 1886 2460 Apostolicae
1916 2398 2118 2448 libertas

680 2491 709 2514 “
732 2486 786 2533 in
838 2481 1081 2545 eligendis
1137 2481 1410 2544 Episcopis,
1487 2481 1946 2532 commendationes
2006 2500 2120 2532 vero

681 2571 907 2618 “lumen
938 2572 1151 2622 tantum,
1180 2573 1231 2614 et
1264 2566 1601 2628 cognitionem
1640 2568 1686 2615 S.
1723 2567 2121 2630 Congregationi,

683 2661 713 2683 “
736 2669 837 2702 non
858 2657 1027 2702 autem
1053 2649 1410 2711 obligationem
1435 2650 1685 2699 afferent.”

746 2742 933 2788 Datum
970 2737 1157 2785 Romae
1194 2751 1257 2786 ex
1285 2734 1491 2784 aedibus
1530 2736 1580 2784 S.
1621 2737 2027 2800 congregationis
2059 2738 2121 2788 de

685 2822 1003 2889 Propaganda
1024 2820 1143 2870 Fide
1167 2819 1247 2871 die
1274 2823 1330 2868 14
1352 2820 1494 2869 Junii
1518 2822 1652 2868 1834.
