2388 3416
19 487 120 536 esis

14 572 120 620 'um

11 763 19 783 ·
34 756 122 790 um

16 839 119 874 era·-

19 930 130 971 ves,

21 1453 28 1466 ι
44 1430 129 1478 inis

0 1681 133 1729 ,gem

0 1753 133 1801 trina-

0 1836 134 1895 mati,

0 1922 134 1969 fflatre

0 2021 52 2054 m
84 2005 139 2053 in

0 2090 140 2148 ssuri,

0 2174 141 2223 entiae

0 2258 13 2306 i
57 2258 142 2306 Sa·

0 2347 142 2391 terest

0 2427 143 2474 rimus

0 2525 143 2568 inem,

0 2595 145 2644 :utio-

0 2680 145 2737 inem,

0 2766 2 2774 ι

0 2779 147 2814 [verso

975 358 1311 393 rnovmomm
1335 359 1411 393 nr.
1847 346 1909 392 69

475 458 679 516 munde,
715 465 770 508 ut
806 459 936 509 hanc
974 460 1209 511 doctrinae
1247 468 1423 511 nostrae
1455 461 1674 510 obtineat
1696 459 1911 510 efficien-

474 543 613 600 tiam,
651 559 760 606 quae
783 544 848 593 ab
869 546 1008 594 omni
1029 561 1181 594 errore
1219 546 1469 596 immunes
1491 550 1664 601 servet,
1703 559 1823 606 quos
1856 544 1912 593 in

474 628 721 678 unitatem
741 628 858 678 fidei
890 636 939 679 et
971 631 1277 693 agnitionem
1315 631 1431 680 Filii
1467 630 1547 679 sui
1584 630 1723 678 Deus
1754 629 1912 677 voluit

474 715 678 773 venire3
729 720 779 763 et
822 716 935 779 Ipsa
976 717 1032 765 in
1073 733 1172 780 qua
1216 724 1291 766 est
1334 717 1497 766 omnis
1535 717 1693 778 gratia
1733 716 1822 763 viae
1861 722 1912 763 et

475 798 710 856 veritatis,
748 805 798 848 et
837 801 1003 849 omnis
1041 817 1153 864 spes
1176 802 1288 850 vitae
1309 808 1359 850 et
1382 801 1590 858 virtutis,
1623 799 1796 849 fideles
1827 814 1913 862 per

476 881 572 930 Dei
616 888 667 930 et
695 881 948 932 'Ecclesiae
994 884 1127 946 leges
1170 884 1448 943 instructos,
1504 899 1648 948 super
1708 883 1912 932 semitas

468 966 675 1028 justitiae
699 964 926 1016 deducat.

537 1070 657 1128 Nos,
715 1088 839 1134 quos
894 1071 1126 1136 Spriritus
1171 1074 1383 1123 Sanctus
1428 1074 1591 1137 posuit
1643 1073 1914 1135 Episcopos

475 1171 637 1218 regere
660 1155 938 1204 Ecclesiam
960 1157 1055 1205 Dei
1076 1173 1227 1220 quam
1249 1158 1507 1219 acquisivit
1530 1157 1773 1218 sanguine
1806 1171 1913 1213 suo,

477 1241 641 1289 SSmae
673 1241 821 1290 Matri
863 1241 984 1289 Jesu
1027 1257 1256 1304 personas
1301 1248 1491 1290 nostras
1535 1241 1828 1297 addicimus,
1862 1245 1914 1288 et

476 1325 709 1374 volumus
765 1325 921 1374 Filios
980 1332 1169 1375 nostros
1229 1328 1524 1384 carissimos,
1584 1328 1636 1375 in
1690 1325 1913 1389 ejusdem

477 1409 747 1473 Sanguinis
773 1410 1140 1472 dispensatione
1165 1418 1354 1460 nostros
1377 1411 1632 1474 adjutoreS,
1672 1427 1726 1460 se
1748 1411 1913 1459 nobis-

476 1509 593 1543 cum
615 1499 716 1542 toto
738 1493 880 1542 corde
903 1500 952 1542 et
974 1510 1113 1557 opere
1136 1494 1361 1544 addicere
1399 1495 1719 1543 devotissimo
1756 1493 1914 1542 cultui

476 1577 664 1634 Mariae,
706 1593 816 1640 quae
860 1583 936 1626 est
969 1579 1077 1626 fons
1099 1579 1394 1641 purissimus
1429 1579 1569 1626 istius
1604 1577 1914 1626 saluberrimi

478 1660 620 1710 fluvii
639 1662 777 1725 pacis
799 1667 849 1711 et
869 1662 999 1719 vitae,
1034 1663 1085 1711 in
1107 1678 1204 1725 quo
1227 1661 1449 1711 lavantur
1482 1668 1685 1725 peccata
1721 1661 1913 1718 mundi,

477 1752 534 1795 ut
554 1748 610 1795 in
627 1762 717 1795 nos
734 1747 918 1804 effluat,
940 1764 1083 1812 super
1098 1749 1224 1797 alios
1241 1748 1677 1806 transfundendus,
1699 1748 1842 1811 quasi
1859 1748 1914 1796 in

478 1833 680 1882 canales
717 1832 1060 1891 nitidissimos,
1097 1850 1129 1883 a
1163 1840 1335 1883 sancta
1373 1834 1557 1896 origine
1593 1832 1729 1883 haud
1760 1834 1915 1882 nimis

479 1919 749 1968 absimiles.

541 2028 726 2077 Allecti
776 2034 1035 2077 venustate
1077 2029 1294 2091 Virginis
1349 2028 1707 2086 Immaculatae,
1764 2045 1913 2091 quam

482 2113 618 2160 Deus
681 2112 787 2174 ipse
841 2119 984 2161 vocat
1036 2111 1266 2160 dilectam
1320 2118 1370 2159 et
1431 2112 1690 2161 formosam
1759 2128 1916 2170 suam,

482 2195 744 2260 saepissime
799 2199 903 2259 eJ'us
957 2196 1332 2253 sublimitatem,
1397 2195 1811 2258 pulchritudinem
1865 2203 1917 2245 et

481 2282 883 2331 benevolentiam
937 2283 1327 2346 praedicabimus,
1386 2283 1478 2331 hoc
1538 2283 1643 2346 ipso
1696 2299 1915 2331 amorem

483 2371 705 2415 nostrum
737 2366 1008 2429 explentes,
1042 2374 1090 2414 et
1122 2366 1331 2414 aliorum
1368 2370 1562 2414 mentes
1594 2365 1769 2414 eadem
1802 2381 1917 2427 erga

484 2450 632 2499 Illam
655 2451 858 2499 caritate
876 2450 1146 2499 accensuri.

544 2556 791 2605 Volumus
813 2552 987 2614 omnes
1009 2556 1181 2605 fideles
1212 2555 1263 2604 in
1298 2555 1715 2606 numerosissimis
1747 2570 1916 2604 neces-

486 2640 713 2690 sitatibus
751 2642 872 2699 suis,
911 2657 1104 2704 semper
1141 2656 1378 2689 recurrere
1415 2639 1479 2688 ad
1517 2656 1573 2703 po
1605 2639 1916 2688 entissimam

487 2722 805 2775 dilectionem
848 2725 1033 2783 Mariae,
1074 2740 1185 2788 quae
1228 2724 1387 2775 Mater
1425 2723 1703 2781 hominum,
1745 2725 1917 2775 omnia
