2312 3352
22 148 29 191 οι.»
20 120 26 138 μ’
19 85 36 107 ‘1²

584 347 671 393 110
1163 358 1434 391 ΔΡΡΕΝΒῙΧ.

581 476 736 504 errores
756 461 944 504 dolenter
964 476 1011 503 ac
1030 461 1184 516 raptim
1204 460 1532 516 perstringimus,
1552 473 1763 502 recensere
1782 460 2027 513 omittimus,

583 527 856 569 Venerabiles
874 526 1053 578 Fratres,
1084 531 1144 567 tot
1165 526 1266 567 alias
1283 525 1370 567 fere
1398 525 1726 567 innumerabiles
1755 525 1960 568 falsitates
1987 532 2028 567 et

580 592 748 634 fraudes
785 590 922 634 Vobis
968 591 1160 646 apprime
1205 595 1325 632 notas
1362 604 1410 632 ac
1447 594 1699 645 perspectas,
1747 590 1901 646 quibus
1947 590 2029 633 Dei

581 657 883 712 hominumque
902 657 1039 698 hostes
1059 671 1149 698 rem
1169 663 1258 698 tum
1274 670 1434 698 sacram
1446 661 1536 697 tum
1553 657 1768 711 publicam
1780 658 2030 712 perturbare
2072 695 2073 698 ,

583 728 625 765 et
644 722 875 765 convellere
894 723 1176 764 connituntur.
1233 721 1302 763 Ac
1322 720 1487 763 silentio
1505 722 1877 776 praetermittimus
1892 724 2029 765 multi·

581 789 711 843 plices
743 787 1092 842 gravissimasque
1130 786 1317 841 injurias,
1356 786 1598 836 calumnias,
1636 788 1837 840 convicia,
1877 789 2029 843 quibus

582 867 720 895 sacros
739 852 949 894 Ecclesiae
966 851 1187 903 ministros,
1208 856 1249 892 et
1268 851 1378 892 hanc
1397 851 1687 905 Apostolicam
1707 852 1859 894 Sedem
1880 853 2029 895 dilace-

583 936 676 963 rare
713 927 756 962 et
785 920 980 962 insectari
1010 934 1092 961 non
1132 918 1338 961 desinunt.
1395 919 1520 961 Nihil
1556 920 1769 975 loquimur
1800 921 1853 962 de
1883 921 2030 977 iniqua

581 1001 679 1029 sane
697 986 920 1042 hypocrisi,
942 999 1024 1040 qua
1042 985 1344 1026 funestissimae
1371 985 1416 1025 in
1443 984 1569 1026 Italia
1596 987 1841 1040 praesertim
1870 993 2030 1042 pertur-

581 1053 761 1094 bationis
780 1066 827 1093 ac
857 1051 1095 1093 rebellionis
1129 1051 1252 1092 duces
1287 1056 1329 1092 et
1362 1051 1560 1092 satellites
1591 1051 1797 1105 dictitant,
1832 1067 1875 1094 se
1908 1053 2027 1107 velle,

580 1117 810 1159 Ecclesiam
830 1130 903 1158 sua
922 1115 1104 1171 gaudere
1131 1115 1338 1167 libertate,
1366 1115 1466 1156 dum
1498 1116 1699 1172 sacrilego
1728 1130 1895 1172 prorsus
1925 1131 2028 1159 ausu

582 1183 722 1225 omnia
742 1182 872 1236 ipsius
891 1180 1105 1222 Ecclesiae
1118 1180 1217 1235 jura
1236 1186 1276 1221 et
1295 1180 1407 1234 leges
1419 1180 1606 1235 quotidie
1621 1182 1756 1235 magis
1769 1182 2027 1237 proculcant,

580 1247 754 1302 ejusque
765 1247 872 1287 bona
884 1244 1099 1300 diripiunt,
1113 1250 1154 1286 et
1164 1244 1384 1286 Sacrorum
1396 1245 1632 1297 Antistites,
1646 1246 2028 1303 ecclesiasticosque

580 1313 691 1354 viros
710 1325 783 1353 suo
804 1324 977 1352 munere
995 1311 1204 1365 praeclare
1221 1309 1443 1365 fungentes
1473 1325 1641 1367 quoquo
1661 1312 1786 1354 modo
1810 1312 2023 1367 divexant,

582 1382 624 1419 et
642 1378 685 1418 in
706 1390 913 1418 carcerem
934 1376 1179 1428 detrudunt,
1198 1380 1239 1416 et
1257 1374 1567 1429 Religiosorum
1584 1377 1791 1418 Ordinum
1804 1378 2025 1432 Alumnos,

581 1457 629 1484 ac
647 1441 845 1497 Virgines
864 1441 957 1483 Deo
985 1454 1121 1482 sacras
1154 1454 1177 1481 e
1205 1441 1289 1481 suis
1319 1441 1528 1483 coenobiis
1555 1441 1759 1483 violenter
1789 1443 2027 1496 exturbant,

580 1509 747 1563 suisque
784 1507 962 1563 propriis
998 1506 1119 1548 bonis
1156 1506 1348 1560 spoliant,
1389 1505 1578 1561 nihilque
1614 1507 1870 1549 intentatum
1906 1509 2026 1550 relin-

581 1578 729 1630 quunt,
748 1578 793 1614 ut
811 1573 946 1628 ipsam
960 1571 1192 1613 Ecclesiam
1208 1572 1250 1612 in
1264 1572 1547 1626 turpissimam
1560 1573 1758 1629 redigant
1770 1575 2026 1628 servitutem,

580 1645 622 1680 et
667 1637 918 1694 opprimant.
975 1636 1041 1679 Ac
1080 1637 1182 1678 dum
1219 1636 1475 1692 singularem
1522 1644 1634 1680 certo
1682 1653 1732 1680 ex
1769 1640 2029 1694 optatissima

579 1703 736 1746 Vestra
756 1702 993 1758 praesentia
1015 1701 1277 1756 voluptatem
1311 1702 1574 1757 percipimus,
1630 1703 1721 1746 Vos
1754 1705 1834 1760 ipsi
1865 1705 2027 1759 videtis,

582 1783 710 1825 quam
730 1770 967 1811 libertatem
986 1782 1097 1810 nunc
1116 1768 1301 1809 habeant
1322 1767 1596 1811 Venerabiles
1615 1769 1781 1812 Fratres
1800 1771 2027 1814 Sacrorum

581 1836 626 1876 in
662 1834 786 1876 Italia
824 1833 1058 1885 Antisthes,
1107 1833 1180 1888 qui
1217 1838 1383 1874 strenue
1420 1839 1738 1890 constanterque
1775 1836 2026 1890 praeliantes
2077 1846 2079 1853 '

580 1901 738 1957 praelia
757 1899 930 1942 Domini
950 1898 1119 1940 minime
1150 1903 1375 1953 potuerunt
1405 1913 1501 1940 cum
1528 1913 1691 1941 summo
1722 1901 1851 1942 animi
1880 1901 2028 1944 Nostri

581 1967 734 2019 dolore,
775 1965 1084 2007 adversantium
1122 1979 1261 2019 opera,
1310 1965 1363 2006 ad
1400 1965 1491 2007 Nos
1524 1966 1678 2017 venire,
1722 1973 1761 2007 et
1797 1967 1905 2009 inter
1938 1968 2029 2010 Vos

580 2033 750 2085 versari,
799 2037 924 2086 atque
968 2031 1065 2072 huic
1113 2031 1253 2072 adesse
1300 2030 1537 2082 conventui,
1595 2031 1709 2086 quod
1765 2046 2029 2088 summopere

581 2097 848 2153 optavissent,
879 2095 1233 2151 quemadmodum
1263 2094 1440 2137 infelicis
1470 2095 1619 2137 Italiae
1638 2096 1955 2153 Archiepiscopi
1982 2105 2026 2141 et

581 2163 780 2218 Episcopi
817 2162 901 2203 suis
933 2161 1100 2203 Litteris
1138 2161 1288 2201 summi
1331 2175 1430 2216 erga
1468 2161 1571 2214 Nos,
1611 2167 1653 2203 et
1685 2162 1793 2205 hanc
1828 2164 2028 2207 Sanctam

581 2228 731 2270 Sedcm
752 2227 904 2269 amoris
924 2232 964 2268 et
984 2226 1171 2281 obsequii
1190 2226 1442 2281 plenissimis
1464 2227 1766 2282 significarunt.
1797 2229 2024 2272 Neminem

582 2294 708 2335 etiam
756 2306 806 2334 ex
845 2292 1066 2333 Sacrorum
1113 2292 1157 2331 in
1198 2291 1412 2332 Lusitania
1459 2292 1733 2334 Antistitibus
1778 2293 1848 2336 hic
1887 2296 2029 2338 adesse

584 2359 762 2411 cernitis,
784 2372 830 2399 ac
850 2372 933 2399 non
954 2371 1102 2413 parum
1122 2357 1323 2409 dolemus,
1358 2358 1544 2412 inspecta
1563 2359 1858 2402 difficultatum
1878 2367 2030 2404 natura

584 2440 691 2481 quae
710 2424 973 2476 obstiterunt,
994 2424 1216 2479 quominus
1234 2424 1314 2478 ipsi
1334 2438 1552 2465 romanum
1568 2425 1646 2467 iter
1660 2427 1831 2481 aggredi
1846 2434 2027 2483 possent.

582 2492 812 2534 Recensere
832 2495 974 2532 autem
992 2490 1225 2531 omittimus
1245 2495 1306 2531 tot
1327 2489 1408 2531 alia
1439 2504 1539 2532 sane
1571 2491 1705 2534 tristia
1735 2498 1776 2534 et
1808 2492 2029 2547 horrenda,

584 2571 693 2613 quae
741 2557 794 2598 ab
841 2555 955 2597 hisce
1000 2569 1287 2610 perversarum
1335 2554 1620 2598 doctrinarum
1667 2558 1897 2600 cultoribus
1933 2574 2029 2601 cum

583 2621 817 2664 incredibili
853 2621 1010 2663 Nostro
1049 2635 1098 2662 ac
1137 2619 1301 2674 Vestro,
1350 2628 1390 2662 et
1436 2622 1622 2663 omnium
1671 2624 1877 2666 bonorum
1913 2624 2029 2667 luctu

583 2694 814 2745 patrantur.
871 2686 994 2729 Nihil
1031 2687 1133 2728 item
1166 2686 1344 2729 dicimus
1382 2687 1434 2729 de
1471 2688 1601 2742 impia
1635 2690 1953 2745 conspiratione,
1987 2697 2030 2733 et

583 2755 723 2813 pravis
770 2752 973 2810 cujusque
1018 2752 1181 2809 generis
1219 2752 1505 2795 molitionibus
1542 2767 1589 2796 ac
1635 2754 1824 2808 fallaciis,
1877 2756 2029 2810 quibus
