2364 3384
460 383 524 429 22
853 396 1130 430 cononum
1155 397 1486 436 dunsten-usn

815 498 968 548 Tertia
995 500 1300 564 Congregatio
1316 499 1556 563 generalis.

525 616 616 664 Die
669 616 867 668 decima
919 624 1094 667 octava
1145 617 1286 674 Maii,
1340 616 1591 665 incidente
1634 617 1688 664 in
1727 617 1899 666 feriam

463 700 738 749 secundam
790 707 900 764 post
950 701 1344 762 5Ascensionem,
1407 701 1523 750 hora
1586 701 1727 750 tertia
1792 709 1902 764 post

462 786 740 844 meridiem,
762 787 930 836 habita
953 794 1046 844 est,
1080 788 1187 836 loco
1223 788 1379 845 solito,
1403 789 1546 837 tertia
1572 790 1903 852 Congregatio

463 872 721 933 generalis,
763 872 845 921 cui
888 872 1148 921 interfuere
1192 888 1365 921 omnes
1410 874 1525 922 Rmi
1562 875 1749 931 Patres,
1783 890 1900 923 cum

460 954 707 1017 theologis
727 962 775 1005 et
797 957 1093 1005 officialibus
1126 956 1356 1005 Concilii.

527 1049 778 1112 Leguntur
813 1057 926 1098 acta
957 1052 1276 1113 praecedentis
1307 1053 1715 1115 Congregationis
1753 1068 1900 1115 gene-

461 1134 593 1182 ralis.

527 1220 725 1282 Legitur
752 1221 993 1283 quoddam
1031 1224 1311 1279 Decretum,
1346 1238 1605 1279 renovans,
1643 1228 1693 1271 et
1728 1222 1902 1270 confir-

463 1319 610 1351 mans
633 1304 839 1353 Decreta
862 1305 1072 1354 duorum
1094 1307 1309 1368 priorum
1333 1307 1669 1354 Conciliorum
1703 1306 1903 1353 Provin-

464 1388 557 1436 ciae
573 1388 925 1447 Quebecensis,
937 1390 1341 1453 proclamandum
1355 1392 1409 1439 in
1425 1391 1649 1453 sequenti
1668 1391 1902 1438 sessione.

528 1474 730 1537 Legitur
750 1482 799 1524 et
821 1476 1087 1526 discutitur
1115 1478 1273 1540 prima
1295 1477 1461 1525 relatio
1497 1477 1903 1540 Congregationis

463 1558 526 1607 de
578 1560 856 1623 Disciplina
916 1577 1062 1625 super
1123 1563 1443 1624 sequentibus
1506 1560 1865 1623 quaestionibus
1889 1575 1902 1606 ε

467 1646 509 1691 1.
531 1644 648 1705 quid
687 1644 931 1707 agendum
971 1661 1089 1695 cum
1110 1646 1444 1695 venditoribus
1476 1646 1716 1708 liquorum
1738 1645 1905 1693 arden-

464 1729 593 1777 tium
616 1730 726 1777 sine
747 1730 822 1778 vel
862 1746 978 1779 cum
1014 1731 1254 1789 licentia3
1287 1735 1329 1779 2.
1355 1747 1471 1779 cum
1504 1730 1718 1793 prodigis
1751 1735 1801 1777 et
1831 1729 1906 1777 eis

465 1814 554 1875 qui
573 1814 884 1876 frequentant
922 1816 1139 1873 choreas,
1162 1815 1445 1872 comoedias,
1481 1820 1749 1863 nocturnos
1790 1829 1905 1861 con-

466 1904 658 1957 ventuS‚
681 1905 732 1948 et
752 1901 837 1962 qui
858 1902 911 1949 in
935 1901 1163 1949 solitariis
1188 1898 1314 1949 'cum
1335 1901 1625 1949 mulieribus
1647 1904 1905 1947 versantur

470 1982 744 2045 colloquiis,
766 1985 1034 2046 praesertim
1056 1991 1277 2047 tempore
1302 1991 1552 2032 nocturno.

533 2078 737 2140 Legitur
769 2095 962 2141 quoque
1002 2084 1052 2127 et
1086 2079 1346 2127 discutitur
1382 2079 1533 2140 prima
1571 2077 1742 2125 relatio
1778 2075 1905 2122 Con-

469 2163 768 2224 gregationis
790 2162 851 2211 de
870 2162 1074 2220 Studiis,
1097 2163 1156 2211 de
1176 2163 1532 2225 quaestionibus
1551 2160 1868 2223 sequentibus
1892 2174 1904 2206 ε

531 2260 679 2308 Estne
733 2265 1061 2322 opportunum
1103 2259 1370 2321 relinquere
1420 2274 1569 2306 usum
1618 2255 1900 2318 Theologiae

468 2342 614 2393 dictae
630 2344 685 2391 de
699 2343 893 2390 Bouvier
904 2343 958 2391 in
973 2343 1262 2399 seminariis,
1277 2358 1358 2406 pro
1374 2342 1591 2391 alumnis
1606 2339 1905 2389 edocendis?

469 2429 522 2478 Si
555 2429 801 2485 retinetur,
835 2427 1079 2490 quomodo
1111 2427 1424 2477 emendanda
1467 2434 1542 2475 est
1563 2427 1584 2474 ’Ξ
1639 2425 1694 2474 Si
1737 2431 1905 2473 autem

467 2514 770 2576 relinquitur,
785 2513 948 2575 qualis
968 2515 1147 2562 Auctor
1163 2513 1447 2576 Theologiae
1460 2511 1778 2575 accipiendus
1792 2517 1867 2558 est
1882 2509 1905 2557 ’ἔ

534 2609 737 2672 Legitur
769 2625 798 2657 a
831 2610 1100 2658 Secretario
1139 2610 1543 2672 Congregationis
1576 2609 1636 2657 de
1665 2609 1905 2663 Decretis,

469 2695 735 2742 Decretum
759 2694 817 2741 de
842 2694 1175 2743 Universitate
1212 2694 1507 2751 Lavalicnsi,
1530 2702 1578 2743 et
1613 2709 1641 2742 a
1680 2693 1906 2741 Patribus

469 2778 754 2829 admittitur.
