2412 3448
44 488 175 537 datis

37 762 177 794 crum

21 830 177 886 rensi,

19 937 30 947 ι·
46 915 177 963 tensi

17 1022 20 1029 ·
32 1000 178 1047 dibus

19 1098 177 1145 mpro-

13 1168 81 1215 di
114 1165 178 1215 ad

27 1251 181 1300 incia-
255 1242 257 1245 ⁵

26 1336 182 1385 aneis.

19 1423 110 1467 859
134 1424 186 1467 et

8 1518 185 1566 scopus

11 1602 186 1637 omnes

12 1678 188 1720 atuum

0 1857 44 1889 is
79 1855 189 1888 esse

0 1933 192 1975 tatuum

0 2011 193 2058 ominus

0 2092 195 2156 [uotidie

0 2179 194 2228 eclesiae

0 2279 198 2313 tumana

33 2350 199 2412 perfici

1 2449 199 2495 ngrega-

0 2520 202 2568 ›radictis

24 2604 203 2665 quibus

0 2690 204 2748 :ionibus

10 2775 203 2837 patitur,

978 371 1312 407 rnovnvomm
1333 374 1409 407 111.
1856 360 1916 405 87

478 474 619 523 omni
657 488 848 537 prorsus
892 475 1175 538 exceptione
1218 479 1426 540 maJ'ores
1471 492 1529 524 ac
1569 475 1661 524 sub
1698 475 1916 538 quolibet

480 565 703 621 respectu
725 558 941 621 optimae
964 560 1290 610 obtineantur.

516 656 517 660 ’
545 642 879 700 Quamobrem
902 644 1090 692 factum
1114 650 1187 693 est
1210 651 1266 693 ut
1285 647 1429 694 Sacra
1448 644 1571 693 haec
1591 644 1916 706 Congregatio

481 730 610 778 datis
634 729 726 777 sub
749 728 827 777 die
866 732 929 777 25
967 730 1092 778 Maii
1129 731 1250 779 anni
1287 734 1406 778 1854
1430 731 1603 779 litteris
1642 729 1704 778 ad
1743 745 1917 778 omnes

483 813 839 863 foederatorum
878 815 1109 863 Statuum
1142 815 1565 878 Archiepiscopos,
1626 814 1689 863 ab
1731 814 1918 863 eisdem

484 900 692 964 petierit,
732 904 786 947 ut
823 914 1163 960 quaecumque
1201 900 1255 947 in
1294 914 1382 947 sua
1418 899 1665 947 sententia
1692 898 1919 961 prodesse

485 989 689 1047 possent
742 981 803 1030 ad
858 982 1203 1045 perficiendam
1259 982 1502 1031 hactenus
1554 984 1808 1045 vigentem
1870 985 1923 1032 in

488 1067 720 1116 America
743 1066 870 1128 Sept.
885 1066 1126 1114 rationem
1144 1066 1359 1128 eligendi
1378 1083 1623 1115 sacrorum
1644 1068 1923 1125 Ammites,

488 1168 549 1201 ea
572 1151 832 1213 diligenter
853 1157 1000 1212 atque
1022 1151 1237 1212 ingenue
1259 1151 1599 1213 patefacerent.

554 1235 968 1297 Quandoquidem
1006 1251 1118 1283 vero
1155 1251 1329 1284 omnes
1367 1235 1426 1284 ad
1474 1252 1627 1284 unum
1669 1239 1928 1287 memorati

491 1319 874 1382 Archiepiscopi‚
934 1324 1073 1381 prout
1132 1319 1341 1380 singulis
1400 1320 1455 1367 in
1507 1321 1722 1368 Domino
1763 1321 1927 1370 visum

491 1406 663 1461 fuerat,
686 1404 1038 1466 responderint,
1061 1404 1173 1452 Emi
1191 1420 1250 1452 ac
1268 1405 1382 1451 Rmi
1401 1405 1567 1452 Patres
1584 1406 1929 1468 praelaudatae

494 1490 541 1537 S.
578 1487 990 1550 Congregationis
1033 1487 1087 1534 in
1124 1487 1436 1548 generalibus
1476 1489 1702 1536 Comitiis
1744 1489 1928 1538 habitis

493 1573 574 1622 die
626 1576 686 1621 21
743 1574 852 1620 Jan.
908 1572 1055 1634 hujus
1108 1573 1228 1620 anni
1287 1571 1499 1634 diligens
1551 1574 1930 1635 responsionum

494 1673 708 1707 examen
730 1658 1064 1714 instituerunt,
1086 1657 1318 1719 pluraque
1340 1657 1490 1727 iupis
1522 1658 1768 1719 sapienter
1798 1658 1932 1708 dicta

497 1750 644 1807 atque
668 1743 731 1792 ad
754 1743 1002 1791 intentum
1025 1742 1178 1790 finem
1201 1749 1302 1789 non
1336 1757 1510 1805 parum
1547 1742 1691 1790 utilia
1727 1743 1929 1791 invene-

498 1837 624 1880 runt.
665 1830 858 1885 Quibus
880 1830 1111 1877 omnibus
1133 1835 1323 1877 mature
1346 1829 1614 1892 perpensis,
1636 1837 1935 1879 censuerunt

498 1916 697 1979 quidem
749 1914 880 1964 haud
926 1914 1257 1963 recedendum
1302 1930 1410 1963 esse
1454 1930 1483 1962 a
1526 1915 1748 1963 Decretis
1792 1930 1938 1977 supra

500 2001 667 2049 relatis
690 2000 878 2047 dierum
907 2002 962 2046 14
984 2000 1013 2046 J
1018 1999 1124 2046 unii
1149 2001 1285 2055 1834,
1322 2014 1414 2047 nec
1455 2014 1552 2046 non
1581 2001 1636 2045 10
1661 1999 1788 2059 Aug.
1820 2001 1938 2046 1850

503 2105 562 2138 ac
593 2087 937 2151 posterioribus
970 2085 1398 2141 declarationibus,
1436 2085 1614 2146 quibus
1648 2086 1821 2146 vigens
1856 2101 1942 2146 per

505 2174 787 2222 Americam
810 2171 1111 2219 electionum
1135 2176 1352 2232 systema
1377 2168 1633 2225 innititur;
1655 2184 1822 2216 verum
1843 2169 1944 2217 illis

506 2277 631 2323 quae
685 2264 958 2321 sequuntur
1021 2255 1300 2318 adjicienda
1363 2261 1607 2317 putarunt,
1672 2261 1818 2315 atque
1882 2255 1946 2303 ab

507 2344 739 2392 omnibus
776 2341 838 2390 ad
877 2357 1000 2403 quos
1039 2346 1229 2402 spectat
1269 2340 1314 2387 S.
1356 2338 1470 2386 Sedi
1507 2354 1768 2400 proponere
1813 2339 1941 2386 viros

509 2428 876 2478 ecclesiasticos
898 2442 980 2490 pro
1003 2425 1298 2474 vacantibus
1330 2421 1650 2471 Dioecesibus
1682 2422 1943 2470 foederato-

509 2531 618 2563 rum
642 2515 888 2569 Statuum,
912 2512 1078 2559 stricte
1102 2508 1341 2557 servanda
1363 2506 1675 2555 mandarunt.

577 2604 617 2648 1.
653 2600 843 2647 Omnes
907 2612 965 2645 ac
1032 2594 1218 2656 singuli
1296 2591 1651 2639 foederatorum
1715 2590 1950 2637 Statuam

514 2685 778 2733 Antistites
820 2682 962 2730 tertio
1006 2695 1198 2742 quoque
1244 2693 1375 2726 anno
1424 2682 1529 2723 tum
1575 2674 1954 2736 Metropolitano

514 2767 801 2817 Provinciae
819 2781 955 2822 suae,
973 2770 1083 2812 tum
1102 2764 1147 2811 S.
1163 2760 1542 2824 Congregationi
1558 2758 1620 2806 de
1635 2757 1958 2821 Propaganda
