2412 3448
37 479 193 543 iscopi

44 563 197 615 faciet

28 650 197 713 iscopo

22 834 197 877 orum,

29 905 195 953 atione

40 996 192 1040 torem

15 1092 107 1139 po,
142 1082 192 1125 et

16 1184 25 1205 ι
55 1162 195 1210 libel-

18 1265 197 1312 scopus

17 1352 103 1385 am
136 1336 197 1385 de

8 1436 56 1468 ·c
81 1425 199 1469 sunt

10 1505 198 1553 cerdo-

2 1604 198 1652 »porum

0 1691 42 1723 ,ει
85 1690 199 1723 vero

0 1758 115 1807 teris
137 1756 199 1806 de

0 1843 199 1893 ittendis

0 1927 201 1976 tomina-

14 2012 202 2062 dictam

0 2112 29 2145 n
47 2096 204 2146 forma

0 2182 204 2231 [tionem

0 2282 28 2314 a
66 2267 205 2316 enim

4 2351 206 2400 libertas

0 2452 34 2483 es
94 2452 207 2485 vero

0 2522 208 2583 gastoni,

0 2691 115 2741 ,onis
146 2691 208 2740 de

988 386 1321 424 noviacum
1343 387 1420 423 m.
1859 377 1922 424 85

553 491 685 540 Huic
706 496 876 540 autem
899 492 1106 541 Decreto
1127 493 1242 542 Emi
1276 509 1334 541 ac
1368 493 1484 541 Rmi
1505 493 1674 542 Patres
1712 493 1759 541 S.
1776 493 1924 557 hujus

493 577 903 639 Congregationis
924 577 978 625 in
1009 584 1257 626 conventu
1291 578 1508 640 generali
1546 578 1715 627 habito
1750 573 1830 626 die
1867 579 1925 626 10

493 660 709 722 Augusti
756 662 892 715 1850,
967 666 1016 708 et
1079 660 1213 709 aliud
1278 660 1563 721 addendum
1628 667 1930 710 censuerunt

493 744 745 807 sequentis
767 744 963 792 tenoris.

554 855 585 878 ‘⁸
609 849 759 898 Sacra
780 848 1111 912 congregatio
1145 849 1204 897 de
1240 847 1559 912 Propaganda
1596 845 1716 898 Fide
1753 848 1833 897 die
1872 852 1931 897 14

493 934 522 961 “
546 931 686 981 Junii
708 945 840 980 anno
882 934 1003 980 1834
1046 933 1310 981 Decretum
1351 932 1518 990 edidit,
1554 930 1683 995 quod
1718 933 1930 996 incipitz

496 1021 526 1046 “
552 1016 669 1064 Cum
712 1015 775 1063 ad
815 1017 1041 1080 religionis
1083 1016 1402 1074 incrementum,
1455 1016 1738 1065 inscribitur
1780 1030 1930 1065 vero:

497 1106 527 1130 “
553 1099 627 1147 De
680 1100 878 1147 methodo
920 1100 1136 1148 servanda
1188 1102 1234 1148 in
1290 1099 1612 1165 Episcoporum
1653 1100 1930 1148 Dioecesium

497 1185 875 1249 “foederatarum
925 1187 1152 1234 Americne
1201 1186 1561 1250 Septentrionalis
1607 1187 1930 1250 provinciarum

497 1276 526 1300 ‘⁶
549 1270 769 1319 electione.
802 1271 934 1318 Cum
956 1286 1068 1319 vero
1090 1269 1267 1319 deinde
1290 1271 1397 1318 Deo
1414 1271 1610 1319 favente
1627 1270 1930 1319 dioecesium

498 1358 528 1383 “
549 1368 755 1403 numero
779 1370 861 1418 per
883 1355 1022 1403 illam
1046 1356 1295 1417 regionem
1318 1362 1476 1412 aucto,
1516 1354 1771 1403 Ecclesias
1809 1371 1934 1417 quae

496 1446 527 1469 “
549 1450 699 1488 antea
751 1439 840 1487 uni
895 1440 1229 1501 Metropolitae
1290 1439 1537 1495 suberant,
1592 1439 1720 1487 inter
1771 1439 1934 1502 plures

498 1526 528 1554 ‘⁸
549 1524 717 1587 partiri
739 1538 943 1572 necesse
966 1523 1145 1581 fuerit;
1189 1521 1373 1585 aliquid
1408 1521 1685 1586 supradicto
1724 1522 1936 1580 decreto,

498 1611 528 1638 ‘⁶
550 1624 639 1657 seu
662 1606 974 1657 instructioni
995 1606 1277 1657 addendum
1300 1607 1466 1657 visum
1489 1613 1580 1665 est,
1603 1613 1658 1657 ut
1679 1622 1933 1657 commen·

498 1700 529 1723 ‘⁸
549 1692 685 1742 datio
739 1693 1056 1743 Sacerdotum
1107 1709 1191 1758 pro
1244 1692 1538 1742 vacantibus
1591 1692 1828 1742 Ecclesiis
1874 1709 1936 1743 ea

499 1784 529 1808 “
550 1780 737 1828 ratione
771 1779 874 1837 fiat,
903 1795 1028 1841 quae
1063 1795 1179 1828 cum
1202 1795 1330 1828 nova
1351 1779 1549 1828 illarum
1570 1779 1841 1842 partitione,
1875 1796 1935 1829 ac

499 1868 529 1892 “
549 1863 921 1912 Provinciarum
956 1870 1086 1912 statu
1121 1863 1392 1912 cohaereat.
1456 1862 1663 1912 Proinde
1703 1864 1750 1911 S.
1791 1864 1843 1911 C.
1880 1864 1936 1913 in

499 1952 529 1976 ‘⁴
550 1947 784 1996 Generali
807 1946 1067 1996 Conventu
1090 1947 1166 1995 die
1192 1950 1250 1994 10
1273 1947 1463 1995 mensis
1485 1947 1514 1994 J
1519 1947 1624 1995 unii
1647 1949 1770 1996 anni
1788 1946 1934 2010 hujus

500 2031 530 2061 “
551 2029 738 2088 habitu,
779 2032 1013 2080 referente
1057 2032 1360 2094 infrascripto
1404 2026 1625 2092 ejusdem
1669 2030 1934 2089 Praefecto,

501 2114 785 2165 “omnibus
831 2123 1019 2165 mature
1063 2117 1327 2180 perpensis,
1373 2117 1559 2164 ratione
1599 2132 1788 2179 quoque
1831 2118 1934 2166 voti

502 2206 530 2232 “
551 2201 721 2251 habita
742 2219 801 2251 ea
823 2202 884 2250 de
907 2219 955 2250 re
978 2202 1041 2251 ab
1074 2202 1329 2266 Episcopis
1368 2201 1575 2249 exhibiti
1612 2217 1673 2250 ex
1709 2201 1932 2250 Concilio

502 2293 531 2316 “
552 2285 647 2335 VII
670 2287 1046 2345 Baltimorensi3
1082 2286 1296 2335 decrevit
1314 2292 1364 2335 ut
1388 2287 1440 2334 in
1462 2292 1708 2349 posterum
1732 2287 1935 2334 servatis

503 2373 715 2435 “quoad
768 2370 953 2435 reliqua
1010 2373 1069 2420 iis
1122 2387 1248 2434 quae
1302 2371 1355 2419 in
1409 2370 1684 2433 supradicto
1729 2370 1935 2420 Decreto

502 2464 531 2488 ‘⁶
553 2457 885 2514 continentur,
929 2456 1338 2518 Archiepiscopus
1376 2455 1653 2518 provinciae
1687 2455 1750 2504 ad
1786 2473 1937 2518 quam

504 2548 533 2571 “
554 2543 763 2605 pertinet
818 2541 1043 2590 Ecclesia
1097 2540 1156 2588 de
1202 2555 1328 2587 novo
1373 2541 1569 2588 Pastore
1621 2541 1937 2604 providenda,

505 2632 533 2655 ‘⁴
556 2621 1041 2674 commendationem
1066 2623 1383 2672 Sacerdotum
1406 2624 1489 2685 qui
1511 2630 1840 2686 proponuntur
1873 2627 1938 2674 ad

506 2717 538 2742 ‘⁶
557 2720 743 2762 ceteros
786 2711 1189 2775 Archiepiscopos
1243 2710 1543 2759 transmittat
1596 2710 1680 2771 qui
1723 2711 1769 2758 S.
1824 2711 1939 2761 Sedi
