2404 3448
995 354 1331 389 rnovmcrsur.
1354 356 1431 389 ιιι.
1873 344 1931 392 41

67 479 85 519 t
496 454 773 505 revocanda
798 470 811 503 ε
846 460 875 484 “
893 457 943 505 Si
965 458 1078 519 quis
1100 474 1276 507 omnes
1316 458 1627 507 Christianos
1660 459 1939 521 promiscue

41 573 86 605 ae
496 543 623 591 Novi
645 543 956 591 Testamenti
976 543 1253 592 sacerdotes
1267 559 1394 597 esse,
1409 549 1493 592 aut
1508 559 1589 592 om
1597 559 1683 591 nes
1697 544 1797 606 pari
1815 544 1942 592 inter
2301 596 2305 612 ε

34 657 85 689 0-
496 642 550 675 se
584 632 828 689 potestate
865 627 1107 690 spirituali
1142 627 1369 690 praeditos
1404 628 1629 685 affirmet,
1655 628 1776 676 nihil
1801 627 1940 677 aliud
2302 684 2306 700 ί

496 709 658 758 facere
719 709 912 759 videtur
963 727 1116 773 quam
1170 711 1561 760 ecclesiasticam
1594 711 1940 769 hierarchiam,

497 809 605 856 quae
643 800 718 843 est
754 799 810 843 ut
848 801 1115 843 castrorum
1154 797 1288 844 acies
1330 795 1569 853 ordinata,
1606 795 1940 855 confundere3

496 878 698 942 perinde
733 895 792 927 ac
817 878 875 934 si,
908 886 1075 927 contra
1097 879 1229 928 beati
1263 879 1405 928 Pauli
1440 879 1729 935 doctrinam,
1764 896 1941 928 omnes

498 961 739 1025 Apostoli,
794 978 970 1011 omnes
1025 963 1290 1025 Prophetae,
1350 979 1526 1011 omnes
1592 963 1941 1024 Evangelistae,

498 1063 675 1095 ornnes
689 1048 929 1104 Pastores,
944 1063 1119 1096 omnes
1137 1048 1237 1097 sint
1253 1049 1500 1096 Doctores.
1536 1048 1762 1104 Proinde,
1780 1064 1941 1096 sacro·

499 1139 674 1180 sancta
711 1131 940 1195 Synodus
979 1132 1209 1189 declarat,
1244 1140 1413 1195 praeter
1444 1142 1644 1180 caeteros
1681 1133 1943 1181 ecclesias·

498 1217 625 1266 ticos
648 1216 844 1278 gradus,
867 1217 1151 1280 Episcopos.
1184 1217 1267 1280 qui
1301 1218 1354 1266 in
1393 1218 1558 1266 locum
1596 1218 1943 1280 Apostolorum

498 1309 862 1359 successerunt,
895 1301 958 1350 ad
995 1302 1128 1350 hunc
1166 1301 1527 1350 hierarchicum
1565 1301 1785 1350 ordinem
1822 1318 1942 1365 prae-

497 1388 642 1450 cipue
664 1387 902 1450 pertinere
923 1403 936 1444 ;
957 1393 1007 1435 et
1030 1387 1225 1449 positos,
1248 1387 1377 1435 sicut
1400 1386 1535 1435 idem
1561 1387 1828 1450 Apostolus
1853 1388 1942 1444 ait,

497 1489 663 1537 regere
687 1474 968 1522 Ecclesiam
992 1466 1083 1521 Dei
1108 1490 1121 1530 ;
1153 1489 1332 1535 eosque
1357 1474 1649 1536 presbyteris
1668 1475 1943 1536 superiores
2297 1472 2323 1546 3}

497 1577 607 1610 esse
634 1579 647 1617 3
709 1578 768 1610 ac
811 1566 1179 1609 sacramentum
1229 1561 1633 1609 Confirmationis
1687 1562 1905 1610 conferre
1929 1578 1943 1620 ;

16 1658 80 1705 s!
498 1632 753 1695 ministros
798 1645 1035 1694 Ecclesiae
1069 1644 1326 1702 ordinare3
1378 1651 1526 1706 atque
1565 1645 1663 1693 alia
1703 1645 1945 1708 pleraque

0 1742 81 1791 ,iis
290 1754 292 1760 ·
497 1747 724 1795 peragere
748 1731 882 1793 ipsos
904 1747 1061 1793 posse,
1084 1746 1287 1791 quarum
1310 1728 1624 1777 functionum
1644 1735 1942 1792 potestatem

0 1815 81 1883 2sa,
498 1816 674 1878 reliqui
698 1815 935 1863 inferioris
956 1813 1142 1863 ordinis
1155 1813 1345 1861 nullam
1360 1812 1591 1861 habent.”
1615 1813 1781 1876 (Cone.
1811 1812 1942 1860 Trid.

0 1911 84 1960 [uti
502 1899 623 1948 Sess.
645 1898 847 1947 XXIII.
871 1916 968 1963 cap.
993 1897 1067 1957 4).
2302 1906 2328 1955 Δ,

0 2013 84 2045 :er-
561 1982 734 2044 Itaque
781 1982 1019 2030 Ecclesiae
1068 1980 1323 2029 catholicae
1370 1980 1716 2028 firmissimum
1760 1979 1943 2042 dogma
2303 1981 2329 2049 [j

2 2082 81 2140 iae,
499 2074 591 2124 est,
616 2067 884 2131 Episcopos
905 2066 1196 2129 presbyteris
1229 2065 1498 2128 superiores
1522 2081 1629 2117 esse
1655 2081 1753 2113 non
1778 2066 1942 2113 solum
2322 2059 2328 2134 ’Υ

0 2173 84 2223 tos,
284 2150 285 2161 ¹
499 2158 742 2216 potestat-e
778 2151 978 2209 ordinis,
1011 2151 1095 2199 sed
1132 2151 1282 2199 etiam
1311 2149 1707 2211 jurisdictionis:
1743 2165 1834 2198 nec
1870 2150 1943 2197 eis

501 2237 606 2285 ullo
636 2235 780 2284 modo
802 2234 1032 2297 denegari
1056 2240 1211 2297 potest
1236 2232 1514 2282 Ecclesiam
1556 2249 1701 2281 suam
1741 2233 1944 2295 regendi
2298 2226 2330 2305 ‘J

0 2351 82 2384 um
500 2328 736 2386 potestas,
760 2327 847 2369 aut
870 2321 1003 2382 leges
1038 2326 1086 2367 et
1116 2324 1299 2367 statuta
1340 2317 1603 2374 condendi,
1641 2318 1695 2366 in
1734 2317 1796 2366 iis
1832 2333 1942 2379 quae
2299 2317 2331 2374 ,ἦ

0 2436 82 2482 luae
495 2407 596 2470 juri
618 2406 877 2455 communi
900 2421 1000 2454 non
1023 2403 1355 2453 adversantur.

0 2514 82 2566 ste»
291 2534 293 2539 ’
990 2537 1152 2571 oAPu'r
1186 2535 1460 2570 sncmmuu
2299 2506 2334 2590 2}

0 2611 82 2644 εδει
1104 2640 1114 2651 ,
1462 2638 1489 2650 „

0 2695 82 2727 πο-
921 2640 997 2688 De
1017 2639 1336 2705 Epascoporum
1357 2637 1523 2702 qfficns.
2308 2663 2334 2743 ἑ

0 2781 81 2815 sse
568 2762 753 2811 Verum
788 2760 830 2810 si
853 2774 1038 2823 magna
1059 2757 1383 2819 sublimisque
1407 2756 1665 2820 Episcopm
1675 2770 1760 2804 um
1782 2754 1944 2818 digni·
2300 2745 2336 2829 {{³

2308 2830 2323 2863 132

2302 2864 2324 2918 ,ξς
