2312 3368
8 472 230 516 scribimus

25 617 153 656 errae,
188 607 231 645 et

5 691 7 719 2
19 682 73 710 ue
102 669 232 712 etiam

4 734 156 790 igione
189 739 232 777 et

24 813 49 841 a
86 798 231 842 Vestri

8 866 49 907 io
80 864 229 907 fideles

6 944 91 987 qua
109 944 225 983 voce,

43 1000 230 1037 monstra

12 1075 38 1103 a
66 1075 111 1103 re
140 1060 225 1116 agi,

28 1125 231 1168 thelicae

6 1191 148 1245 alute,
185 1196 229 1234 et

22 1264 232 1314 quantum

3 1329 112 1366 rtere
143 1330 233 1366 tam

5 1390 233 1444 nibusque

30 1469 53 1498 e
86 1455 232 1499 fideles

3 1534 52 1563 us
67 1520 233 1563 assidue

26 1587 81 1628 ab
118 1586 233 1629 hisce

12 1651 231 1708 effugiant.

0 1717 231 1760 ctissimum

0 1783 232 1838 unibusque

1 1848 30 1890 d
66 1862 232 1890 morum

0 1918 158 1965 metor,
180 1918 229 1955 ut

0 1977 171 2032 vigilate
190 1983 232 2020 et

0 2043 233 2098 iisciplinas

22 2107 230 2162 religioni,

2 2172 233 2214 enerabiles

0 2251 65 2280 iac
112 2243 233 2280 tanta

0 2317 24 2345 o
71 2302 228 2344 auxilio

0 2366 229 2423 tpuqnabile

0 2447 26 2485 ς,
45 2432 157 2488 quod
170 2437 229 2475 est

0 2498 152 2552 ilesiac,
187 2503 229 2540 et

3 2577 233 2619 eorumque

0 2704 124 2747 aculis
144 2717 229 2745 non

0 2769 230 2812 sericordia-

1046 361 1309 395 Arrnumx.
1819 351 1908 398 113

460 472 555 501 rum
592 459 777 513 Patrem,
808 466 850 504 et
879 462 1020 504 Deum
1049 464 1175 507 totius
1205 464 1509 516 consolationis,
1542 464 1614 519 qui
1645 464 1697 506 dc
1727 465 1907 507 tenebris

460 525 563 567 facit
598 525 738 568 lucem
775 526 1069 581 splendescere,
1109 529 1264 583 quique
1300 534 1447 584 potens
1493 533 1554 570 est
1601 529 1655 569 de
1699 528 1909 583 lapidibus

461 590 660 632 suscitare
678 589 788 632 filios
807 591 1019 644 Abrahae,
1040 593 1083 634 in
1112 592 1348 635 humilitate
1367 593 1502 635 cerdis
1534 593 1666 634 nostri
1696 593 1908 635 ferventis-

461 656 576 697 simis
594 656 789 710 precibus
817 657 1096 700 indesinenter
1115 672 1231 700 orare
1250 664 1291 700 et
1309 659 1539 710 obsecrare,
1574 664 1622 699 ut
1653 671 1725 712 per
1759 658 1908 700 merita

460 718 682 775 Unigeniti
702 719 799 761 Filii
819 720 892 763 Sui
908 722 1080 764 Domini
1092 721 1237 763 Nostri
1252 722 1281 764 J
1284 737 1353 764 esu
1367 722 1524 764 Christi
1540 723 1645 764 velit
1659 721 1909 764 christianae

461 793 500 826 et
520 783 636 827 civili
654 785 911 840 reipublicae
931 786 1196 828 auxiliariam
1216 787 1423 842 porrigere
1439 788 1669 836 dexteram,
1683 800 1911 840 omnesque

462 849 701 906 disperdere
739 864 893 893 errores
931 859 970 893 et
999 852 1245 907 impietates,
1294 866 1341 894 ae
1388 852 1555 893 divinae
1601 865 1699 893 suae
1745 852 1908 906 gratiae

460 914 621 956 lumine
654 915 842 956 omnium
873 916 1100 958 errantium
1130 921 1289 958 mentes
1322 917 1543 968 illustrare,
1572 916 1748 970 illosque
1782 916 1836 957 ad
1866 929 1908 958 se

462 984 705 1021 convertere
725 985 766 1021 et
784 994 990 1033 revocare,
1011 995 1094 1036 quo
1113 981 1300 1023 Ecclesia
1329 996 1403 1023 sua
1434 989 1576 1024 sancta
1606 982 1908 1036 optatissimam

462 1049 711 1098 assequatur
765 1058 925 1099 pacem,
973 1052 1014 1088 et
1060 1047 1217 1101 ubique
1263 1052 1464 1088 terrarum
1512 1047 1673 1102 majora
1729 1047 1772 1087 in
1821 1046 1909 1087 dies

463 1110 722 1151 incrementa
752 1110 962 1165 suscipiat,
991 1124 1038 1152 ac
1071 1125 1266 1166 prospere
1303 1112 1444 1167 vigeat
1477 1117 1517 1153 et
1551 1111 1789 1153 efflorescat.
1848 1111 1910 1153 Ut

463 1180 607 1216 autem
627 1188 738 1230 quae
756 1176 935 1229 petimus
955 1181 995 1217 ct
1014 1176 1253 1231 quaerimus
1281 1177 1444 1218 facilius
1463 1177 1658 1231 consequi
1688 1176 1907 1231 possimus,

463 1253 516 1281 ne
555 1253 762 1281 cessemus
799 1241 996 1283 adhibere
1033 1242 1214 1296 primum
1253 1229 1574 1297 deprecatricem
1619 1243 1729 1297 apud
1768 1242 1909 1284 Deum

462 1305 788 1347 Immaculatam
808 1306 1203 1362 Sanctissimamque
1221 1308 1448 1363 Deiparam
1463 1308 1688 1365 Virginem
1709 1309 1909 1360 Mariam,

463 1385 572 1427 quae
591 1372 985 1425 misericordissima,
1006 1379 1047 1414 et
1067 1374 1351 1416 amantissima
1368 1380 1555 1416 nostrum
1571 1374 1757 1416 omnium
1773 1379 1910 1416 mater

462 1443 634 1479 cunctas
672 1451 834 1490 semper
874 1438 1086 1480 interemit
1123 1438 1320 1492 haereses,
1359 1445 1399 1480 et
1432 1439 1551 1494 cujus
1588 1438 1752 1480 nullum
1799 1439 1911 1494 apud

462 1502 604 1545 Deum
619 1503 875 1558 praesentius
891 1503 1178 1558 patrocinium.
1210 1503 1405 1546 Petamus
1421 1518 1588 1559 quoque
1603 1502 1802 1559 suffragia
1817 1510 1908 1545 tum

462 1567 599 1610 sancti
636 1567 826 1623 ejusdem
872 1568 1061 1625 Virginis
1107 1569 1255 1624 Sponsi
1300 1569 1330 1611 J
1332 1569 1486 1625 oscphi,
1533 1575 1624 1610 tum
1673 1573 1910 1610 sanctorum

463 1632 769 1687 Apostolorum
788 1632 902 1675 Petri
924 1638 965 1675 et
983 1633 1121 1685 Pauli,
1142 1634 1411 1689 omniumque
1430 1634 1641 1685 caelitum,
1671 1639 1711 1675 et
1737 1633 1907 1674 illorum

462 1698 723 1753 praesertim,
754 1712 856 1753 quos
887 1713 1020 1753 nuper
1052 1699 1299 1742 Sanctorum
1329 1699 1444 1741 fastis
1476 1699 1702 1754 adscriptos
1732 1699 1907 1741 colimus

464 1769 505 1806 et
524 1777 788 1806 veneramur.

515 1830 761 1884 Antequam
788 1844 886 1871 vero
918 1829 1082 1872 dicendi
1114 1829 1241 1870 finem
1274 1830 1475 1871 faciamus
1507 1829 1645 1871 Nobis
1678 1834 1907 1884 temperare

459 1909 545 1937 non
563 1908 797 1950 possumus,
818 1896 921 1951 quin
940 1895 1090 1937 iterum
1111 1900 1306 1936 testemur
1325 1902 1366 1936 et
1398 1894 1705 1946 confirmemus,
1737 1909 1900 1936 summa

461 1961 553 2003 Nos
588 1961 652 2002 uti
690 1961 983 2013 consolatione,
1021 1961 1123 2001 dum
1147 1960 1450 2015 jucundissimo
1483 1959 1684 2001 Vestrum
1718 1961 1907 2002 omnium

460 2030 684 2080 conspectu
700 2025 889 2078 fruimur,
911 2024 1186 2067 Venerabiles
1205 2024 1382 2074 Fratres,
1404 2025 1477 2079 qui
1497 2030 1616 2065 tanta
1636 2024 1732 2076 fide,
1751 2025 1908 2079 pietate

461 2097 503 2133 et
522 2091 791 2133 observantia
811 2091 947 2133 Nobis
966 2098 1006 2133 et
1021 2090 1117 2131 huic
1132 2089 1248 2132 Petri
1269 2090 1499 2131 Cathedrae
1513 2090 1688 2131 firmiter
1702 2090 1904 2142 obstricti,

460 2171 507 2199 ac
527 2157 806 2199 ministerium
825 2157 1025 2199 Vestrum
1053 2156 1272 2211 implentes
1301 2156 1502 2211 majorem
1531 2156 1614 2197 Dei
1644 2155 1832 2208 gloriam,
1863 2162 1904 2198 et

461 2223 699 2264 animarum
718 2222 895 2266 salutem
916 2222 1028 2263 omni
1048 2222 1184 2263 studio
1213 2235 1433 2275 procurare
1463 2220 1713 2275 gloriamini,
1746 2222 1903 2275 quique

459 2287 791 2329 concordissimis
811 2287 971 2339 animis,
992 2291 1118 2341 atque
1151 2286 1389 2327 admirabili
1422 2300 1522 2327 sane
1555 2299 1655 2326 eura
1690 2291 1729 2326 et
1764 2299 1904 2327 amore

458 2365 544 2393 una
563 2365 659 2392 cum
680 2350 772 2392 aliis
804 2350 1121 2392 Venerabilibus
1154 2350 1371 2391 Fratribus
1400 2350 1527 2391 totius
1561 2348 1755 2391 catholici
1789 2350 1902 2392 orbis

458 2416 677 2471 Episcopis
715 2420 756 2457 et
787 2415 980 2457 fidelibus
1017 2415 1193 2457 Vestrae
1231 2420 1272 2456 et
1308 2415 1474 2456 illorum
1513 2428 1637 2456 curae
1675 2415 1903 2456 commissis

458 2481 729 2537 gravissimas
748 2480 924 2523 Nostras
957 2481 1168 2535 angustias
1201 2485 1242 2521 et
1272 2480 1517 2522 acerbitates
1546 2479 1681 2521 modis
1710 2480 1904 2522 omnibus

458 2546 589 2588 lenire
609 2551 651 2587 et
669 2546 887 2588 sublevare
907 2560 990 2587 non
1007 2546 1202 2587 desinitis.
1235 2545 1442 2596 Quocirca
1457 2544 1535 2586 hae
1551 2545 1676 2586 etiam
1689 2545 1902 2586 occasione

459 2612 734 2654 amantissimi
754 2626 885 2668 aeque
903 2626 951 2654 ae
970 2611 1192 2668 gratissimi
1209 2611 1337 2652 animi
1355 2610 1501 2652 Nostri
1520 2624 1663 2651 sensus
1679 2624 1776 2665 erga
1796 2609 1898 2661 Vos,

459 2683 499 2721 et
519 2678 622 2721 alios
641 2692 784 2720 omnes
803 2678 1076 2721 Venerabiles
1096 2677 1271 2729 Fratres,
1293 2683 1334 2719 et
1352 2677 1462 2731 ipsos
1477 2675 1620 2717 fideles
1636 2675 1899 2731 amplissimis

458 2744 598 2787 verbis
616 2744 761 2800 palam
789 2744 1039 2800 publiceque
1070 2742 1323 2799 profitemur.
1381 2742 1423 2783 A
1444 2741 1579 2783 Vobis
1609 2745 1750 2782 autem
1777 2755 1899 2796 expo-

623 2822 647 2862 8
