2388 3464
4 1684 116 1726 octa

0 1762 117 1810 rfec-

0 1864 118 1905 ium,

0 1932 120 1980 ibus

5 2031 120 2063 usce

0 2099 121 2147 >vin-

0 2191 123 2231 rtan-

0 2267 125 2324 dare,

30 2354 125 2416 piis

0 2538 9 2570 ε’
45 2539 129 2587 pro

0 2610 129 2672 gatis

0 2709 43 2741 2s
82 2698 132 2741 et

25 2777 132 2834 Dei,

980 396 1317 431 noviacum:
1343 398 1414 431 ιη.
1860 386 1921 435 83

478 503 627 560 atque
682 497 892 559 singulis
946 498 1135 557 diebus,
1196 501 1247 549 in
1293 508 1540 564 quantum
1583 501 1686 550 fieri
1732 503 1922 565 poterit,

478 582 857 629 sanctissimum
912 583 1078 631 Missae
1143 584 1444 634 Sacrificium
1512 591 1762 649 peragant,
1834 593 1924 636 aut

479 666 658 714 saltem
705 667 1046 729 mysteriorum
1086 670 1404 718 celebrationi
1443 669 1619 718 devote
1675 670 1920 730 intersint,

478 751 719 801 facientes
763 752 1142 810 obsecrationes,
1180 755 1441 811 orationes,
1479 760 1530 802 et
1563 756 1921 817 postulationes

478 853 561 901 pro
585 837 816 886 Ecclesia
845 844 1020 886 sancta
1044 839 1152 894 Dei,
1187 855 1268 902 pro
1293 839 1448 887 SSmo
1467 840 1610 888 Patre
1633 840 1808 890 Nostro
1832 840 1920 890 Pio

478 923 563 979 IX,
586 939 669 986 pro
692 923 882 985 Regina
908 930 1084 981 nostra,
1110 939 1194 985 pro
1219 923 1624 985 gubernatoribus
1646 931 1696 972 et
1733 924 1921 975 coeteris

478 1007 636 1069 quiin
673 1007 977 1055 sublimitate
1016 1007 1266 1055 constituti
1307 1015 1437 1065 sunt,
1477 1014 1527 1056 et
1566 1024 1649 1071 pro
1687 1009 1921 1058 omnibus

477 1090 782 1147 horninibus,
809 1097 861 1138 ut
885 1091 1199 1151 tranquillam
1223 1100 1272 1139 et
1283 1091 1505 1152 quietam
1524 1092 1676 1139 vitam
1694 1107 1921 1154 agamus,

477 1190 597 1238 pace
621 1174 841 1223 fruamur
861 1181 910 1222 et
936 1174 1045 1222 fidei
1080 1182 1403 1236 augmentum
1426 1175 1701 1223 videamus.

540 1271 776 1318 Praeterea
801 1269 1020 1318 hortatur
1042 1270 1155 1318 ilios
1177 1277 1230 1318 ut
1261 1272 1482 1333 jejunent
1515 1271 1726 1333 singuiis
1764 1272 1919 1321 sextis

476 1355 625 1410 teriiS,
648 1354 699 1402 in
737 1354 1018 1402 memoriam
1054 1353 1306 1401 Passionis
1342 1353 1560 1409 Domini,
1595 1353 1920 1418 omnibusque

477 1438 651 1487 diebus
674 1455 850 1488 mensa
869 1439 1044 1501 frugali
1068 1445 1277 1487 utantur.

541 1535 620 1590 Et,
659 1534 898 1596 quoniam
937 1540 1123 1597 oportet
1163 1534 1426 1595 Episcopos
1471 1532 1919 1596 irreprehensibiles

476 1634 602 1676 esse,
625 1618 845 1667 hortatur
866 1618 1018 1666 etiam
1036 1619 1147 1665 illos
1164 1623 1211 1665 et
1229 1618 1512 1666 obsecratur
1534 1617 1586 1665 in
1607 1617 1838 1675 Domin0,
1861 1624 1917 1668 ut

476 1702 661 1750 otiosas
694 1702 1136 1750 sermocinationes
1159 1701 1329 1748 sedulo
1361 1700 1596 1758 devitent,
1631 1702 1744 1749 vitoe
1773 1703 1917 1751 inno·

476 1786 644 1835 centia
703 1793 753 1835 et
810 1786 1104 1848 integritate,
1157 1785 1267 1842 fide,
1322 1786 1559 1847 religione
1613 1792 1663 1833 et
1718 1787 1916 1849 pietate.

476 1871 803 1932 omniumque
827 1871 1060 1918 virtutum
1084 1875 1372 1918 ornamento
1403 1868 1735 1932 praefulgeant,
1758 1870 1829 1919 ita
1864 1877 1919 1919 ut

473 1955 528 2003 in
567 1956 799 2003 omnibus
833 1955 1145 2003 honestatem
1178 1970 1272 2017 prae
1308 1970 1360 2001 se
1394 1955 1568 2010 ierant,
1602 1954 1730 2003 sicut
1774 1955 1918 2005 decet

475 2040 721 2089 ministros
746 2042 840 2089 Dei
863 2042 1215 2104 mysteriorum.

537 2140 666 2185 Cum
706 2146 877 2185 autem
914 2136 1094 2199 Synodi
1139 2135 1457 2183 Provincialis
1501 2150 1680 2196 scopus
1722 2141 1814 2193 est,
1859 2142 1915 2185 ut

473 2238 614 2271 sacra
651 2222 991 2270 conciliorum
1031 2222 1444 2280 Summorumque
1480 2218 1779 2266 Pontificum
1818 2220 1914 2267 De-

471 2315 605 2355 creta
627 2313 921 2355 renoventur
951 2312 1000 2354 et
1032 2304 1383 2358 custodiantur,
1422 2302 1533 2350 illos
1569 2309 1739 2351 monet
1777 2319 1913 2352 sum·

472 2408 670 2454 mopere
715 2392 835 2454 ipsis
873 2391 1144 2439 curandum
1190 2404 1301 2437 esse
1339 2395 1389 2436 ut
1427 2403 1487 2436 ea
1525 2395 1752 2435 accurate
1790 2389 1911 2437 rese-

471 2485 653 2534 rantur,
676 2478 883 2539 adjectis
919 2475 1225 2538 quibusdam,
1262 2474 1305 2520 si
1338 2489 1461 2535 opus
1496 2479 1586 2529 est,
1623 2473 1910 2533 explicatio-

469 2562 619 2609 nibus
642 2577 655 2618 3
689 2561 759 2609 ita
782 2567 954 2607 tamen
978 2567 1029 2607 ut
1055 2575 1154 2606 non
1175 2557 1426 2605 recedatur
1450 2571 1669 2617 unquam
1692 2572 1720 2603 a
1739 2563 1908 2606 mente

469 2653 655 2693 sanctae
694 2643 930 2691 Ecclesiae
967 2644 1213 2699 Romanae,
1249 2648 1534 2689 caeterarum
1568 2637 1904 2690 Ecclesiarum

467 2730 639 2779 matris
662 2746 721 2778 ac
747 2729 999 2792 magistrae.

628 2840 653 2878 3
