2312 3352
0 464 161 517 ttimus,

0 534 94 572 ates
121 537 162 572 et

0 608 35 635 is
81 595 163 637 Dei

0 662 163 704 turbare
205 700 207 703 ,

0 740 10 768 3
24 728 162 769 multi-

9 794 162 847 quibus

12 857 161 900 dilace-

15 925 161 981 iniqua

2 997 161 1046 pertur-

0 1072 7 1096 ε
39 1057 158 1111 velle,

0 1134 26 1162 ts
56 1136 159 1164 ausu

3 1186 157 1241 ulcant,

0 1265 158 1307 ‚cosque

0 1323 153 1371 texant,

0 1395 155 1436 umnos,

0 1447 156 1501 arbant,

35 1514 155 1555 relin-

0 1579 155 1633 itutem,

0 1643 157 1687 tissima

0 1709 155 1763 videtis,

0 1789 155 1819 norum

4 1839 153 1884 liantes
204 1850 206 1859 ’

7 1904 155 1949 Nostri

0 1986 32 2012 π
65 1972 155 2015 Vos

0 2051 155 2092 noperc

0 2103 80 2157 zopi
108 2110 151 2145 et

0 2174 153 2211 uictam

0 2234 149 2276 minem

11 2300 154 2342 adesse

2 2371 154 2408 natura

1 2438 151 2475 ossent.

0 2499 153 2552 frenda,

2 2578 20 2604 s
56 2578 153 2606 cum

36 2628 152 2672 luctu

0 2708 75 2747 me,
110 2702 152 2738 et

0 2760 151 2814 quibus

1072 361 1338 395 arranmx.
1840 353 1925 400 111

485 460 654 505 civilem
672 461 800 518 hujus
819 463 1089 518 Apostolicae
1107 464 1225 506 Sedis
1254 465 1533 520 principatum
1555 466 1723 508 omnino
1743 472 1928 509 evertere

486 542 536 571 ac
555 528 768 570 destruere
787 528 946 569 volunt.
1003 528 1136 570 Juvat
1156 530 1294 585 potius
1325 530 1406 572 hac
1440 530 1491 571 de
1522 544 1568 572 re
1599 544 1925 574 commemorare

485 594 641 634 miram
676 606 844 648 prorsus
881 594 1200 646 consensionem,
1233 608 1317 649 qua
1345 594 1436 637 Vos
1467 595 1548 650 ipsi
1581 609 1665 637 una
1701 610 1798 637 cum
1836 597 1929 638 aliis
1957 623 1960 627 -

485 656 812 700 Venerabilibus
852 657 1070 701 Fratribus
1106 659 1287 700 universi
1324 658 1520 701 catholici
1556 659 1667 701 orbis
1705 659 1927 702 Sacrorum

486 721 762 764 Antistitibus
780 736 997 778 nunquam
1016 722 1290 765 intermisistis
1310 729 1351 765 et
1370 723 1553 778 epistolis
1567 724 1621 765 ad
1639 723 1731 765 Nos
1750 725 1872 778 datis,
1888 731 1928 767 et

484 786 767 842 pastoralibus
802 787 949 830 litteris
995 787 1049 829 ad
1085 787 1228 829 fideles
1263 788 1425 842 scriptis
1458 787 1700 843 hujusmodi
1735 789 1928 832 fallacias

487 852 693 907 detegere,
730 853 924 904 refutare,
963 866 1013 894 ac
1050 852 1174 894 simul
1211 852 1367 904 docere,
1405 852 1515 894 hunc
1548 852 1714 894 civilem
1748 854 1929 897 Sanctae

489 919 608 962 Sedis
627 920 909 975 principatum
927 919 1119 962 Romano
1147 919 1342 962 Pontifici
1372 919 1496 961 fuisse
1528 920 1728 975 singulari
1761 921 1932 965 divinae

488 985 780 1042 providentiae
816 985 985 1028 consilio
1018 986 1176 1038 datum,
1210 985 1412 1041 illumque
1444 986 1719 1028 necessarium
1753 1001 1851 1038 esse,
1885 994 1933 1030 ut

489 1051 602 1094 idem
640 1050 868 1093 Romanus'
896 1049 1093 1092 Pontifex
1127 1049 1233 1091 nulli
1273 1064 1455 1105 unquam
1492 1050 1681 1105 Principi
1712 1057 1786 1093 aut
1818 1052 1932 1094 civili

489 1115 688 1171 potestati
699 1115 790 1170 subj
797 1120 912 1156 ectus
922 1128 1157 1170 supremam
1167 1115 1349 1156 universi
1363 1114 1575 1156 Dominici
1586 1116 1723 1171 gregis
1734 1118 1932 1171 pascendi

490 1180 750 1236 regendique
795 1184 1045 1235 potestatem
1100 1179 1474 1234 auctoritatemque
1528 1179 1580 1220 ab
1626 1179 1718 1235 ipso
1765 1181 1933 1224 Christo

492 1246 679 1289 Domino
699 1245 899 1287 divinitus
918 1250 1128 1299 acceptam
1157 1259 1230 1300 per
1262 1245 1499 1286 universam
1528 1244 1758 1287 Ecclesiam
1787 1246 1935 1301 plenis-

494 1313 603 1354 sima
638 1311 837 1353 libertate
882 1323 1082 1363 exercere,
1128 1324 1177 1352 ac
1223 1309 1375 1364 majori
1411 1309 1592 1365 ejusdem
1631 1309 1855 1363 Ecclesiae,
1894 1317 1936 1354 et

497 1376 693 1419 fidelium
712 1376 835 1427 bono,
856 1375 1030 1417 utilitati
1049 1380 1090 1417 et
1109 1375 1347 1430 indigentiis
1365 1374 1577 1416 consulere
1594 1376 1734 1430 possit.

550 1452 671 1502 Quae
716 1451 915 1494 hactenus
959 1451 1177 1493 lamentati
1232 1464 1383 1503 sumus,
1431 1450 1701 1493 Venerabiles
1755 1452 1937 1507 Fratles,

493 1519 734 1561 luctuosum
752 1519 879 1574 plane
898 1518 1095 1560 exhibent
1113 1517 1407 1573 spectaculum.
1465 1516 1570 1567 Quis
1589 1518 1699 1559 enim
1718 1532 1803 1561 non
1822 1520 1939 1563 videt

494 1591 560 1628 tot
605 1597 833 1641 pravorum
880 1585 1123 1639 dogmatum
1169 1583 1402 1638 iniquitate,
1451 1597 1500 1624 ac
1546 1596 1630 1625 non
1675 1585 1938 1639 nequissimis

497 1650 783 1693 deliramentis
816 1654 857 1691 ct
893 1649 1270 1692 machinationibus
1305 1648 1441 1703 magis
1471 1648 1516 1689 in
1546 1648 1635 1690 dics
1666 1648 1939 1693 christianum

497 1718 704 1774 populum
724 1717 873 1759 misere
891 1716 1111 1772 corrumpi,
1132 1720 1172 1757 et
1202 1716 1257 1757 ad
1287 1715 1459 1756 exitium
1491 1714 1662 1769 impelli,
1694 1721 1737 1757 et
1768 1716 1939 1759 catholi-

500 1796 596 1825 cam
632 1780 877 1833 Ecclesiam,
909 1780 1081 1836 ejusquc
1110 1780 1333 1821 salutarem
1363 1779 1595 1820 doctrinam
1627 1794 1673 1821 ac
1704 1784 1943 1825 veneranda

497 1847 596 1903 jura
615 1851 656 1888 et
675 1846 800 1901 leges,
821 1859 1038 1900 sacrosque
1058 1845 1266 1886 ministros
1285 1844 1532 1899 oppugnari,
1553 1850 1594 1885 et
1622 1845 1771 1887 iccirco
1803 1848 1943 1889 omnia

502 1910 606 1952 vitia
633 1915 676 1952 et
712 1910 866 1952 scelera
903 1909 1152 1951 invalescere
1190 1923 1238 1950 ac
1267 1902 1505 1964 propagari,
1537 1915 1577 1950 ct
1610 1910 1745 1964 ipsam
1776 1911 1943 1954 civilem

503 1976 746 2019 societatem
766 1975 971 2031 exagitari
990 1976 1005 2017 2

558 2041 651 2084 Nos
669 2042 814 2096 itaque
833 2041 1063 2096 Apostolici
1083 2039 1227 2082 Nostri
1247 2040 1463 2081 ministerii
1493 2040 1622 2095 probe
1651 2054 1865 2094 memoreS,
1897 2057 1944 2086 ac

507 2108 560 2149 dc
607 2107 817 2163 spirituali
863 2107 1050 2148 omnium
1094 2105 1344 2161 populorum
1390 2105 1500 2146 bono
1548 2110 1588 2147 et
1633 2106 1764 2149 salute
1809 2108 1946 2151 Nobis

506 2172 709 2214 divinitus
742 2171 959 2213 commissa
992 2170 1060 2211 vel
1093 2170 1274 2211 maxime
1303 2169 1481 2221 solliciti,
1516 2183 1612 2211 cum
1645 2174 1670 2193 “
1705 2171 1827 2213 aliter
1846 2172 1870 2192 ''
1899 2179 1947 2214 ut

506 2236 754 2278 sanctissimi
784 2236 1007 2278 decessoris
1036 2234 1179 2277 Nostri
1209 2234 1357 2276 Leonis
1387 2234 1524 2275 verbis
1557 2240 1726 2277 utamur
1757 2240 1781 2261 “
1811 2236 1947 2280 Nobis

510 2304 535 2326 “
556 2301 796 2342 commissos
814 2314 956 2355 regere
969 2314 1054 2341 non
1074 2300 1288 2355 possimus,
1308 2299 1387 2339 nisi
1406 2298 1492 2350 hos,
1514 2299 1586 2353 qui
1606 2305 1702 2341 sunt
1722 2302 1949 2354 perditores

511 2369 598 2407 “et
628 2365 795 2421 perditi,
833 2365 920 2407 zelo
956 2364 1055 2406 fidei
1092 2363 1336 2405 Dominicae
1367 2376 1677 2418 persequamur,
1712 2372 1754 2406 et
1787 2381 1812 2407 a
1840 2368 1950 2409 sanis

514 2434 539 2455 “
561 2430 783 2482 mentibus,
804 2443 857 2471 ne
875 2428 1002 2484 pestis
1031 2427 1135 2470 haec
1167 2428 1291 2469 latius
1321 2427 1571 2482 divulgetur,
1602 2429 1832 2482 severitate,
1866 2446 1950 2487 qua

513 2498 538 2520 “
561 2508 789 2550 possumus,
804 2494 1109 2546 abscindamus,
1123 2492 1147 2513 ''
1177 2493 1217 2533 iu
1231 2492 1310 2534 hoc
1326 2492 1578 2547 amplissimo
1590 2492 1742 2535 Vestro
1759 2509 1950 2538 consessu

513 2561 803 2616 Apostolicam
821 2559 1021 2602 Nostram
1042 2559 1277 2600 attollentes
1292 2572 1436 2600 vocem
1451 2572 1592 2599 omnes
1610 2568 1952 2604 commemoratos

513 2625 759 2682 praesertim
796 2638 950 2666 errores
986 2637 1069 2665 non
1099 2624 1233 2664 solum
1262 2622 1489 2664 catholicae
1520 2622 1618 2664 fidei
1650 2637 1697 2665 ac
1727 2624 1951 2679 doctrinae,

516 2690 670 2732 divinis
689 2688 1058 2744 ecclesiasticisque
1076 2688 1249 2743 legibus,
1270 2700 1415 2729 verum
1434 2686 1561 2729 etiam
1579 2688 1659 2742 ipsi
1678 2690 1953 2744 sempiternae

518 2770 568 2798 ac
587 2754 770 2797 naturali
801 2754 886 2809 legi
915 2759 956 2796 et
978 2753 1179 2809 justitiae,
1209 2758 1427 2807 rectaeque
1456 2752 1604 2793 ra⁹ioni
1636 2754 1805 2796 omnino
1835 2769 1954 2812 repu-
