2388 3416
541 416 603 462 28
932 429 1206 463 cervernum
1232 427 1558 468 Qunnncnnsn

540 531 894 594 providendum
938 533 1315 581 necessitatibus
1354 527 1702 593 temporalibus
1738 528 1976 577 ecclesia-

538 633 661 675 rum,
716 618 1118 680 sacerdotumque
1171 615 1531 672 sustentationi,
1598 615 1653 663 in
1728 615 1977 677 Superiori

541 703 745 752 Canada
769 720 781 761 3

602 791 645 836 4.
680 789 942 836 Decretum
974 788 1031 835 de
1064 787 1369 835 invocatione
1403 791 1453 834 et
1482 786 1792 834 veneratione
1827 786 1882 833 B.
1917 785 1977 832 V.

541 872 708 920 Mariae
732 889 745 930 ;

600 961 642 1005 5.
677 959 940 1006 Decretum
969 956 1028 1004 de
1062 956 1400 1004 functionibus
1434 971 1555 1018 quas
1588 956 1789 1018 parochi
1822 955 1975 1004 unius

539 1041 758 1090 dioecesis
780 1047 983 1104 possunt
1004 1056 1226 1088 exercere
1250 1041 1303 1089 in
1325 1041 1547 1103 proxima
1569 1040 1786 1088 dioecesi.

598 1127 729 1175 Hora
750 1127 919 1188 quinta
941 1141 1057 1173 cum
1096 1123 1383 1186 quadrante,
1419 1125 1587 1188 gratiis
1609 1125 1735 1173 actis
1775 1140 1807 1172 a
1844 1124 1972 1172 Rmo

537 1210 956 1266 Administratore,
988 1210 1231 1271 theologis
1266 1226 1324 1258 ac
1348 1210 1644 1259 officialibus
1668 1209 1897 1266 Concilii,
1920 1214 1971 1257 et

536 1298 749 1345 oratione
771 1296 914 1353 facta,
936 1295 1168 1344 recedunt
1190 1312 1381 1344 omnes.

937 1413 1086 1461 Sessio
1106 1414 1302 1461 secunda
1326 1421 1368 1461 et
1389 1414 1558 1461 ultima.

592 1519 685 1567 Die
709 1520 896 1567 Octava
918 1519 1256 1576 AscensioniS,
1280 1518 1360 1567 die
1385 1535 1497 1567 vero
1514 1519 1703 1568 mensis
1721 1519 1971 1580 vigesima

531 1602 702 1665 prima,
738 1609 1068 1651 convenerunt
1101 1604 1282 1660 Patres,
1307 1618 1425 1651 cum
1459 1602 1563 1651 suis
1587 1602 1880 1651 officialibus
1920 1608 1972 1651 et

531 1686 782 1749 theologis,
835 1687 953 1736 hora
1006 1692 1182 1736 octava
1236 1703 1353 1736 cum
1408 1687 1687 1749 quadrante,
1737 1687 1793 1735 in
1856 1687 1973 1735 aula

529 1772 699 1832 majori
721 1771 1159 1833 Archiepiscopalis
1177 1772 1371 1827 Palatii,
1390 1776 1439 1819 et
1456 1787 1539 1834 per
1555 1771 1690 1819 viam
1710 1771 1970 1834 publicam

530 1862 882 1918 processerunt,
904 1855 1080 1904 eodem
1100 1855 1268 1904 ordine
1291 1862 1339 1905 et
1362 1861 1599 1919 apparatu
1631 1872 1689 1905 ac
1712 1857 1768 1904 in
1805 1852 1968 1919 prima

533 1944 774 2001 Sessione,
792 1943 856 1992 ad
873 1944 1152 1992 Ecclesiam
1162 1945 1610 2007 Metropolitanam,
1624 1949 1678 1993 ut
1691 1944 1968 1993 secundam

533 2033 582 2076 et
602 2028 832 2077 ultimam
855 2029 1128 2078 sessionem
1151 2036 1388 2079 tenerent.

592 2112 806 2174 Magnus
828 2112 994 2161 aderat
1017 2114 1181 2175 populi
1211 2130 1492 2169 concursus,
1515 2120 1620 2162 tam
1658 2113 1966 2176 splendidam

531 2197 769 2245 invisendi
794 2199 1160 2247 solemnitatem
1183 2200 1400 2262 cupidus.
1467 2201 1626 2248 Missa
1648 2199 1743 2248 diei
1770 2201 1967 2248 Octavae

530 2282 854 2330 Ascensionis
883 2299 913 2331 a
938 2284 1065 2330 Rmo
1099 2285 1208 2331 DD.
1238 2285 1533 2334 Ottawiensi
1564 2284 1807 2347 Episcopo
1839 2284 1968 2332 cele-

530 2365 681 2422 brata,
705 2382 892 2414 sacram
910 2368 1218 2425 concionem,
1236 2368 1432 2430 anglico
1449 2369 1696 2427 idiomate,
1711 2368 1885 2417 habuit
1902 2368 1967 2417 ad

530 2450 760 2512 populum
785 2451 942 2498 Rmus
965 2451 1365 2512 Kingstoniensis
1391 2452 1539 2515 Epus.

593 2533 844 2581 Concione
897 2541 1106 2595 peracta,
1166 2536 1321 2585 Rmus
1365 2538 1778 2587 Trifluvianensis
1815 2539 1967 2602 Epus,

529 2618 629 2679 qui,
644 2618 922 2667 infirmitate
941 2619 1186 2677 detentus,
1203 2622 1334 2684 prius
1353 2624 1515 2672 venire
1531 2640 1632 2672 non
1647 2630 1884 2688 potuerat,
1902 2624 1967 2673 ad

530 2702 699 2751 sedem
723 2720 863 2752 suam
888 2706 1113 2754 accessit.

592 2788 816 2836 Caritatis
825 2789 1154 2847 Orationibus,
1170 2791 1452 2854 Evangelio,
1466 2794 1696 2852 Psalmis,
1709 2800 1759 2843 et
1776 2795 1967 2843 caeteris

529 2871 583 2919 in
605 2872 880 2922 Pontificali
899 2874 1119 2937 Romano
1141 2877 1435 2939 praescriptis
1451 2894 1536 2941 pro
1554 2878 1729 2929 ultima
1752 2879 1965 2931 Concilii
