2404 3432
0 2384 165 2424 lssonon,

0 2443 75 2478 [rere

0 2547 162 2595 Dioeceae

985 356 1323 390 nnovmcrnn
1352 356 1427 389 ιιι.
1867 345 1930 392 79

486 459 721 509 Generali
743 458 912 507 habito
933 458 1012 507 die
1035 462 1066 506 2
1089 459 1375 508 Decembris
1401 461 1522 506 1862
1561 458 1925 509 decernendum

485 543 734 593 censuerit
756 549 809 591 ut
831 544 1242 606 praescriptiones
1261 543 1413 592 etiam
1446 543 1724 606 nuperrime
1759 545 1921 593 sanci-

486 636 567 678 tae
622 628 755 677 circa
808 627 1101 676 methodum
1151 627 1408 675 electionis
1469 627 1819 691 Episcoporum
1871 629 1927 678 in

484 715 717 764 *statibus
734 713 991 762 foederatis
1014 714 1290 769 Americae,
1322 712 1527 762 eaedem
1562 713 1628 762 ad
1662 714 1928 763 Dioeceses

487 798 829 856 Quebecensis
868 799 1153 846 Provinciae
1189 798 1548 855 extendantu13
1591 798 1719 846 hanc
1758 806 1928 848 autem

489 882 794 932 sententiam
866 882 1047 930 SSmus
1101 883 1160 929 D.
1216 881 1277 928 N.
1330 882 1383 929 in
1437 882 1689 930 audientia
1740 882 1841 931 diei
1895 885 1924 931 7

489 966 780 1015 Decembris
819 966 941 1014 anni
982 968 1107 1013 1862
1144 966 1362 1027 benigne·
1401 965 1748 1028 approbaverit,
1783 966 1929 1015 mitto

489 1052 606 1100 Tibi
659 1051 912 1113 exemplar
957 1051 1229 1099 litterarum
1281 1066 1422 1114 super
1484 1051 1662 1099 iisdem
1721 1051 1929 1100 decretis

489 1136 750 1193 editarum,
785 1151 907 1197 quae
929 1135 993 1184 ad‘
1015 1136 1290 1198 Episcopos·
1313 1135 1665 1185 foederatorum
1702 1137 1929 1185 Statuam

490 1220 706 1269 directae
727 1219 935 1268 fuerunt.

558 1303 730 1365 Itaque
752 1309 1054 1351 memoratae
1076 1303 1281 1359 litterae,
1303 1319 1429 1365 quae
1449 1303 1510 1351 ad
1534 1305 1592 1350 A.
1616 1304 1781 1352 Tuam
1797 1303 1929 1353 etad

492 1389 839 1450 Suffraganeos
865 1388 1148 1450 pervenient
1171 1404 1399 1436 norma-m
1433 1388 1734 1451 praebebunt
1768 1388 1929 1451 quoad

492 1489 553 1522 ea
587 1490 714 1536 quae
757 1473 1015 1521 efficienda
1054 1480 1197 1521 erunt
1235 1489 1351 1521 cum
1389 1473 1449 1520 de
1490 1474 1632 1521 novis
1673 1474 1929 1536 Episcopis

493 1557 744 1619 eligendis·
761 1558 844 1620 agi
866 1557 1055 1606 debeat.
1121 1558 1548 1620 Supervacaneum
1571 1564 1688 1620 puto
1707 1559 1930 1606 anima-d-

493 1651 678 1692 vertere
703 1642 829 1705 quod
852 1658 912 1690 ea
932 1642 1280 1691 tantummodo
1317 1658 1420 1690 not-1-
1455 1650 1658 1704 possunt
1691 1643 1745 1690 in
1780 1659 1930 1693 usum

493 1727 688 1783 deduci,
728 1742 855 1789 quae
883 1725 1185 1775 diversarum
1224 1727 1581 1788 provincia-rum
1619 1727 1932 1775 existentiam

495 1819 787 1875 supponunt.
877 1813 1013 1860 Haec
1069 1811 1311 1873 siquidem
1342 1812 1508 1860 locum
1530 1812 1781 1860 habebunt
1815 1828 1933 1861 cum

493 1898 657 1960 plures
733 1897 1011 1960 provinciae
1083 1897 1135 1944 in
1208 1896 1492 1944 Canadensi
1559 1897 1756 1957 regione
1823 1913 1933 1945 esse

494 1983 757 2045 coeperint.
826 1982 971 2039 Quod
1015 1998 1114 2029 non
1157 1982 1304 2042 longe
1347 1981 1565 2029 futurum
1621 1997 1774 2043 spero,
1828 1983 1934 2030 Deo

493 2067 819 2116 benedicente
885 2066 1207 2116 sollicitudini
1272 2067 1624 2129 Episcoporum
1678 2082 1761 2128 per
1813 2083 1933 2128 quos

495 2155 736 2216 plantatio
757 2155 933 2203 vineae
957 2155 1161 2203 Domini
1195 2154 1399 2201 feliciter
1425 2154 1591 2209 crevit,
1625 2159 1673 2201 et
1695 2154 1936 2202 uberiores

496 2239 550 2287 in
584 2239 692 2288 dies
714 2240 900 2289 fructus
923 2240 1193 2303 pollicetur.
1261 2239 1452 2286 Interea
1488 2239 1647 2286 Deum
1682 2253 1849 2300 precor
1881 2245 1937 2287 ut

497 2322 572 2371 Te
595 2322 679 2371 diu
706 2324 938 2386 sospitem
961 2331 1011 2372 et
1034 2316 1339 2371 incolumem
1362 2328 1533 2370 servet.

562 2419 749 2468 Romae
782 2436 845 2469 ex
878 2420 999 2469 Aed.
1025 2420 1074 2469 S.
1098 2421 1153 2468 C.
1177 2419 1236 2466 de
1260 2419 1310 2466 P.
1335 2418 1388 2466 F.
1413 2417 1491 2466 die
1525 2420 1586 2464 28
1609 2417 1775 2466 Martii
1801 2421 1936 2468 1863.

689 2550 747 2597 A.
771 2550 912 2598 Tuae
934 2550 1007 2599 uti
1033 2549 1197 2597 Frater
1219 2546 1600 2601 addictissimus,

1202 2665 1280 2714 Al.
1302 2666 1358 2712 C.
1384 2665 1637 2719 Binmno,
1660 2663 1811 2711 Praefi

1313 2749 1375 2795 H.
1400 2748 1637 2803 CAPAL'rr,
1666 2747 1872 2797 Secrius.
