2312 3368
668 372 757 416 116
1252 384 1526 418 Aprnnmx.

714 486 788 527 Ad
820 485 1035 541 primum:
1074 486 1305 529 Permultae
1339 500 1437 528 sane
1470 491 1568 527 sunt
1605 486 1696 528 istae
1732 498 1882 537 causae,
1922 498 1984 538 ac,
2024 498 2117 528 meo

656 552 835 607 judicio,
858 553 1084 594 admodum
1105 567 1266 608 graves.
1323 553 1386 595 Ut
1406 558 1546 595 autem
1577 557 1749 594 eaeteras
1769 552 1977 603 omittam,
2007 558 2118 594 certe

658 619 768 659 inter
786 619 1018 673 praecipuas
1036 619 1256 660 memorari
1280 619 1465 660 debent:
1497 619 1533 659 1.
1555 631 1633 673 pro
1663 617 1918 671 quibusdam
1952 631 2005 658 ex
2034 617 2118 659 illis

661 683 925 735 dioecesibus,
946 697 1099 737 parvus
1118 698 1314 725 numerus
1334 683 1613 734 sacerdotnm,
1635 681 1965 736 eorumdemque
1997 683 2116 736 quasi

660 754 874 803 perpetuae
895 748 1248 803 peregrinationes
1266 749 1318 790 de
1337 748 1429 789 loeo
1449 748 1493 788 in
1511 747 1666 798 locum,
1690 751 1734 788 ut
1753 746 1926 787 diversis
1960 746 2117 788 missio-

658 813 783 854 nibus
819 813 898 854 sibi
937 813 1164 854 commissis
1201 813 1470 865 deserviant3
1510 814 1548 853 2.
1585 826 1661 867 pro
1699 811 1892 867 pluribus
1925 811 2033 864 aliis,
2064 825 2118 869 ne

659 880 797 920 dicam
818 894 891 933 pro
911 879 1118 931 omnibus,
1140 878 1442 933 Episeoporum
1464 883 1688 933 paupertas
1708 891 1718 931 3
1762 880 1799 918 3.
1822 877 2009 929 tandem,
2041 891 2117 932 pro

660 945 740 986 hac
780 945 1081 987 Archidioeccsi
1113 945 1386 999 Qucbecensi,
1422 945 1575 1001 gravis,
1610 950 1658 986 ut
1688 945 1809 995 nosti,
1841 949 1883 986 et
1916 944 2117 986 diuturna

662 1011 763 1052 Rmi
782 1010 977 1052 Titularis
996 1010 1229 1052 infirmitas.

713 1087 787 1128 Ad
799 1088 1027 1129 secundum
1044 1102 1052 1129 :
1075 1088 1393 1143 Disputationes
1408 1088 1493 1130 illae
1506 1088 1671 1129 nullum
1686 1088 1925 1130 habuerunt
1941 1087 2114 1129 exitum.

658 1152 856 1208 Episcopi
875 1153 1054 1194 libenter
1073 1153 1244 1208 quidem
1265 1154 1540 1209 permiserunt
1560 1154 1663 1194 istas
1678 1153 1927 1208 quaestiones
1941 1153 2115 1194 tractari

658 1222 702 1261 in
742 1220 1161 1276 congregationibus,
1202 1227 1293 1263 tum
1326 1222 1517 1275 privatis,
1563 1226 1657 1262 tum
1696 1221 1888 1275 publicis,
1923 1225 1972 1262 ut
2019 1235 2115 1276 quoe

656 1286 840 1328 definitae
888 1300 971 1327 non
1015 1293 1146 1339 crant,
1186 1287 1525 1340 elucidarentur3
1573 1293 1615 1328 et
1653 1300 1748 1341 quae
1780 1287 1877 1341 jam
1914 1285 2116 1339 definitae,

654 1351 887 1392 luculenter
925 1365 975 1392 ac
1014 1351 1151 1393 valide
1181 1351 1577 1393 demonstrarentur.
1637 1351 1837 1393 Perutilis
1868 1351 1982 1393 enim
2014 1351 2116 1405 ipsis

654 1417 745 1457 visa
778 1421 838 1457 est
871 1415 1112 1470 hujusmodi
1142 1416 1474 1458 demonstratio:
1523 1430 1622 1457 nam
1660 1430 1744 1458 non
1775 1429 1921 1457 omnes
1955 1415 2117 1457 habent

656 1482 884 1524 scientiam.
934 1481 1143 1524 Memores
1163 1487 1306 1524 autem
1325 1481 1644 1537 sapientissimos
1665 1481 1964 1523 admonitionis
1982 1480 2114 1524 Bene·

654 1546 756 1588 dicti
777 1545 901 1598 XIV,
919 1546 962 1586 in
982 1546 1223 1588 admirabili
1243 1561 1316 1588 suo
1345 1551 1527 1588 tractatu
1556 1547 1610 1589 dc
1641 1545 1814 1601 Synodo
1846 1545 2115 1599 Dioecesana,

656 1612 730 1652 lib.
752 1611 854 1664 VII,
876 1626 967 1666 cap.
989 1614 1011 1653 1
1034 1618 1075 1653 et
1094 1614 1133 1665 2,
1153 1612 1221 1654 De
1247 1612 1444 1654 cavendis
1474 1612 1615 1668 quoad
1646 1611 1889 1667 quaestiones
1920 1611 2116 1654 nond-am

653 1677 862 1731 definitas,
910 1678 1136 1732 prudenter
1183 1678 1477 1720 abstinuerunt
1523 1693 1548 1719 a
1580 1678 1743 1733 judicio
1790 1677 1964 1720 ferendo
2003 1677 2115 1720 circa

653 1742 728 1797 pri¹
749 1755 822 1794 as,
871 1756 966 1797 quae
1013 1743 1240 1797 respiciunt
1288 1756 1477 1795 usuram,
1525 1742 1757 1794 usurarios,
1805 1748 1916 1794 etc.;
1975 1742 2116 1797 quoad

654 1812 797 1849 autem
817 1808 1029 1861 secundas,
1051 1822 1146 1863 quac
1172 1808 1408 1851 referuntur
1439 1809 1493 1850 ad
1522 1822 1643 1850 casus
1676 1813 1905 1850 reservatos
1938 1807 2116 1850 Summo

657 1872 870 1924 Pontifici,
893 1873 946 1914 ad
966 1874 1257 1929 receptionem,
1278 1879 1319 1916 et
1338 1887 1577 1928 supremam
1597 1873 1687 1915 vim
1701 1873 1863 1929 ligandi
1878 1872 2114 1925 Bullarum,

657 1938 931 1992 omniumque
952 1938 1224 1980 Deci-ctorum
1245 1953 1269 1980 a
1302 1939 1343 1979 S.
1366 1939 1477 1980 Sede
1508 1938 1812 1989 emanantium,
1845 1943 1938 1991 etc„
1969 1943 2115 1993 utpote
2172 1934 2173 1939 ¹

647 2004 740 2058 jain
772 2004 1054 2058 praecedcnter
1089 2019 1112 2046 a
1147 2018 1188 2046 se
1226 2005 1433 2056 definitas,
1463 2005 1561 2059 jure
1594 2018 1642 2047 ac
1677 2004 1826 2046 merito
1860 2011 2117 2046 censuerunt

654 2069 761 2110 nihil
781 2069 1093 2121 declarandum,
1116 2077 1188 2112 aut
1207 2070 1492 2113 definiendum
1512 2085 1598 2112 esse
1627 2071 1679 2112 dc
1709 2084 1833 2121 novo,
1870 2076 2001 2125 atque
2036 2070 2115 2111 sibi

656 2134 853 2176 standum
874 2148 959 2176 esse
978 2134 1024 2176 in
1044 2134 1205 2176 decisis.
1244 2135 1345 2177 Jaxn
1366 2136 1476 2177 enim
1496 2149 1665 2177 sensnm
1685 2149 1808 2177 suum
1827 2134 2116 2190 patentissime

658 2208 911 2257 aperuerant
944 2203 1053 2244 circa
1094 2203 1260 2244 casdem
1294 2203 1555 2258 quaestioues‚
1592 2208 1719 2257 atque
1751 2202 1879 2244 fidem
1913 2215 2037 2243 suam
2071 2201 2117 2242 in

655 2283 894 2323 supremam
915 2269 957 2309 S.
979 2268 1095 2310 Sedis
1116 2270 1425 2318 anctoritatem,
1447 2269 1760 2323 perfectamque
1795 2267 1993 2309 omnibus
2024 2267 2059 2322 ej
2071 2281 2116 2308 us

655 2335 844 2376 Decretis
864 2334 1166 2388 subjectionem
1187 2349 1305 2375 suam
1335 2334 1508 2390 professi
1540 2339 1660 2375 eraut
1689 2334 1731 2374 in
1764 2333 1901 2389 primo
1933 2333 2117 2375 Decreto

658 2401 784 2456 primi
832 2401 990 2442 lons-,ilii
1029 2400 1154 2456 hujus
1184 2400 1433 2449 Provinciae,
1468 2400 1531 2442 his
1569 2400 1738 2442 verbis:
1788 2398 1936 2441 “Toto
1976 2398 2117 2440 animo

659 2466 921 2508 adhaeremus
950 2466 1144 2507 omnibus
1183 2481 1231 2508 ac
1269 2467 1444 2521 singulis
1478 2466 1714 2521 apostolicis
1746 2465 2119 2507 constitutionibus

658 2531 918 2586 dogmaticis,
940 2531 999 2572 uti
1021 2536 1061 2573 ct
1082 2531 1162 2573 illis
1191 2546 1286 2586 qum
1318 2532 1592 2573 universalem
1622 2531 1819 2573 Ecclesiae
1850 2530 2118 2585 disciplinam

659 2597 919 2651 respiciunt3
967 2603 1094 2652 atque
1132 2598 1391 2639 declaramus
1429 2604 1470 2639 et
1507 2598 1704 2640 docemus
1735 2611 1804 2639 eas
1836 2598 1892 2639 ab
1922 2595 2119 2638 omnibus

657 2661 995 2703 christifidelibus
1015 2662 1213 2704 tenendas
1241 2677 1328 2705 csse
1362 2662 1477 2704 velut
1505 2662 1807 2704 credendorum
1839 2675 2044 2714 normam,
2076 2668 2118 2704 et

656 2726 920 2768 conscientiae
942 2727 1143 2782 regulam,
1165 2727 1495 2783 independenter
1515 2741 1682 2782 prorsus
1698 2727 1750 2769 ab
1767 2727 1880 2769 omni
1898 2727 2117 2782 potestatis

660 2792 870 2835 saecularis
891 2793 1114 2835 sanctione.
1139 2793 1162 2814 ”
