2312 3352
32 454 187 497 ctabile

28 533 82 561 ne
100 533 187 562 esse

26 584 123 627 dolo
141 586 187 627 in

31 663 188 705 umque

11 714 81 757 nio
101 726 188 758 esse

35 856 188 909 bitant,

53 922 182 964 etiam

28 987 185 1030 tionem

12 1052 187 1108 definito

18 1118 184 1161 ondeat.

6 1183 47 1224 'n
62 1183 188 1225 sacris

8 1253 94 1299 nta,
142 1252 184 1289 et

21 1313 183 1354 icarum

8 1377 185 1419 tamenti

25 1451 183 1485 ostrum

11 1509 181 1551 tionem.

2 1573 183 1616 cultores

2 1654 93 1692 one,
141 1644 184 1683 et

26 1704 187 1746 confor-

0 1776 183 1824 ropterea

7 1834 186 1878 inficiari

0 1915 96 1952 iem,
135 1914 184 1943 ac

0 1979 62 2007 sus
101 1964 184 2007 Dei

2 2035 44 2072 et
80 2029 182 2072 mali

0 2110 17 2138 s
35 2096 186 2151 legem,

0 2162 185 2204 [bonum

1 2227 122 2269 itates
136 2239 187 2269 ex

0 2297 61 2344 nt,
96 2298 188 2334 tum

0 2363 105 2410 lunt,
137 2368 188 2399 ex

0 2436 69 2477 lue
96 2422 189 2464 Deo

0 2487 188 2530 meliorem

27 2617 191 2660 coelum

30 2682 189 2738 Insigni

0 2762 190 2796 asserere,

1082 363 1354 398 aprunu-
1846 354 1935 400 109

502 464 668 508 nullum
730 478 973 521 supremum
1038 466 1388 522 sapientissimum
1452 466 1943 524 providentissimumque

502 531 675 574 Numen
707 530 898 573 divinum
930 530 1106 573 existere
1137 531 1191 573 ab
1225 530 1304 575 hac
1334 545 1471 574 rerum
1499 533 1770 575 universitate
1801 533 1942 576 distin·

503 602 633 649 ctum,
673 610 721 638 ac
757 595 898 638 Deum
933 595 1046 638 idem
1082 609 1169 638 esse
1216 610 1264 638 ac
1301 610 1439 638 rerum
1468 602 1675 649 naturam,
1713 592 1755 639 et
1790 597 1941 640 iccirco

503 660 867 704 immutationibus
885 661 1125 714 obnoxium,
1155 660 1379 717 Deumque
1406 675 1549 717 reapse
1577 661 1667 704 fieri
1698 662 1744 703 in
1774 661 1943 705 homine

506 732 548 769 et
565 726 737 779 mundo,
758 730 886 783 atque
903 727 1044 768 omnia
1063 726 1203 769 Deum
1222 740 1318 780 esse,
1350 732 1393 770 et
1410 728 1660 783 ipsissimam
1678 727 1761 770 Dei
1789 727 1944 771 habere

508 791 798 843 substantiam,
846 805 895 834 ac
931 805 1063 832 uuam
1099 791 1374 847 eamdemque
1409 806 1495 834 rem
1541 805 1629 834 esse
1669 791 1808 833 Deum
1847 805 1944 834 cum

504 857 676 910 mundo,
709 870 758 899 ac
775 856 951 911 proinde
969 856 1159 912 spiritum
1180 870 1276 899 cum
1303 857 1494 910 materia,
1527 857 1817 899 necessitatem
1849 870 1945 899 cum

505 923 713 975 libertate,
742 935 890 964 verum
910 936 1007 965 cum
1024 921 1142 975 falso,
1172 923 1330 964 bonum
1349 936 1444 965 cum
1464 923 1588 976 malo,
1612 928 1653 965 et
1666 923 1830 979 justum
1848 937 1945 966 cum

504 989 676 1045 injusto.
732 988 829 1038 Quo
865 993 975 1030 certe
1019 987 1126 1029 nihil
1162 987 1406 1040 dementius,
1442 986 1549 1030 nibil
1585 988 1718 1043 magis
1754 988 1945 1043 impium,

505 1054 609 1096 nihil
629 1057 774 1096 contra
790 1053 924 1109 ipsam
942 1053 1146 1095 rationem
1165 1053 1299 1107 magis
1317 1067 1553 1108 repugnans
1579 1053 1681 1109 fingi
1712 1060 1752 1096 et
1786 1054 1943 1110 excogi-

507 1121 586 1161 tari
607 1131 795 1173 unquam
815 1122 943 1173 poest.
1000 1117 1067 1159 De
1084 1117 1332 1160 auctoritate
1364 1123 1501 1160 autem
1521 1123 1564 1160 et
1582 1118 1679 1174 jure
1705 1119 1767 1160 ita
1793 1123 1947 1161 temere

509 1182 721 1235 effutiunt,
747 1187 797 1224 ut
823 1181 1089 1237 impudenter
1108 1182 1262 1233 dicant,
1282 1183 1571 1224 auctoritatem
1589 1182 1694 1224 nihil
1714 1182 1829 1225 aliud
1849 1196 1946 1236 esse,

507 1249 589 1291 nisi
635 1246 811 1299 numeri,
849 1251 891 1289 et
926 1246 1206 1289 materialium
1243 1246 1397 1288 virium
1441 1260 1659 1300 summam,
1697 1261 1747 1289 ac
1787 1247 1858 1302 jus
1903 1248 1948 1289 in

507 1312 715 1356 materiali
756 1312 869 1355 facto
915 1312 1149 1363 consistere,
1182 1316 1225 1353 et
1260 1312 1401 1353 omnia
1435 1311 1653 1354 hominum
1690 1312 1826 1354 officia
1862 1326 1949 1356 esse

507 1392 660 1421 nomen
678 1378 814 1430 inane,
835 1381 876 1419 et
894 1377 1035 1418 omnia
1052 1376 1235 1418 humana
1252 1376 1363 1418 facta
1376 1376 1482 1431 juris
1500 1377 1588 1417 vim
1605 1376 1770 1419 habere.

562 1454 592 1497 J
596 1468 666 1495 am
685 1467 808 1509 porro
828 1457 1064 1495 commenta
1081 1452 1336 1505 commentis,
1373 1452 1645 1495 deliramenta
1665 1451 1949 1495 deliramentis

510 1520 784 1571 cumulantes,
816 1524 857 1561 et
876 1532 1043 1560 omnem
1061 1518 1292 1573 legitimam
1313 1518 1618 1571 auctoritatem,
1653 1522 1781 1571 atque
1808 1519 1949 1561 omnia

509 1585 701 1642 legitima
715 1599 731 1640 J
739 1598 830 1638 ura,
850 1583 1137 1639 obligationes,
1158 1582 1292 1625 officia
1310 1582 1598 1625 conculcantes
1629 1582 1735 1624 nihil
1755 1583 1949 1626 dubitant

512 1651 557 1692 in
576 1651 665 1692 veri
694 1648 958 1705 legitimique
981 1648 1089 1704 juris
1119 1648 1258 1690 locum
1288 1648 1537 1690 substituere
1562 1647 1666 1689 falsa
1696 1662 1744 1690 ac
1775 1649 1951 1690 mentita

509 1716 665 1757 virium
692 1714 802 1770 jura,
837 1727 887 1756 ac
918 1727 1082 1755 morum
1114 1713 1300 1755 ordinem
1333 1726 1471 1754 rerum
1499 1712 1779 1754 materialium
1811 1713 1950 1754 ordini

510 1781 726 1836 subjicere.
782 1778 934 1833 Neque
966 1778 1068 1819 alias
1099 1778 1208 1819 vires
1245 1781 1485 1831 agnoscunt,
1519 1777 1597 1818 nisi
1626 1777 1731 1830 illas,
1771 1790 1879 1831 quae
1905 1778 1950 1818 in

511 1847 691 1889 materia
707 1846 868 1902 positae
887 1850 996 1897 suut,
1031 1849 1071 1886 et
1100 1857 1264 1886 omnem
1297 1857 1459 1885 morum
1479 1843 1744 1898 disciplinam
1764 1842 1950 1885 honesta·

513 1918 686 1968 temque
715 1911 923 1954 collocant
953 1910 997 1951 in
1030 1909 1290 1952 cumulandis
1327 1914 1369 1951 et
1406 1908 1607 1964 augendis
1638 1908 1788 1963 quovis
1825 1909 1950 1949 modo

513 1979 687 2030 divitiis,
708 1983 750 2020 et
767 1978 812 2019 in
831 1977 972 2033 pravis
992 1976 1226 2032 quibusque
1245 1974 1529 2029 voluptatibus
1549 1974 1775 2028 explendis.
1808 1973 1953 2028 Atque

513 2044 628 2087 hisce
672 2043 840 2085 nefariis
886 2040 1255 2095 abominandisque
1299 2039 1513 2094 principiis
1558 2039 1782 2093 reprobum
1819 2039 1954 2080 carnis

514 2111 680 2166 spiritui
715 2110 882 2152 rebellis
927 2121 1093 2150 sensum
1130 2110 1311 2157 tuentur,
1349 2105 1505 2156 fovent,
1544 2104 1762 2157 extollunt,
1807 2104 1952 2158 illique

514 2176 726 2220 naturales
745 2177 862 2218 dotes
882 2189 931 2217 ac
945 2175 1044 2231 jura
1062 2174 1263 2224 tribuunt,
1296 2185 1404 2227 quae
1431 2185 1506 2226 per
1531 2169 1779 2213 catholicam
1805 2170 1954 2211 doctri-

515 2258 615 2286 nam
633 2241 868 2286 conculcari
888 2241 1046 2292 dicunt,
1067 2239 1234 2281 omnino
1249 2237 1517 2292 despicientes
1541 2236 1746 2277 monitum
1762 2235 1954 2290 Apostoli

517 2309 736 2351 clamantis
756 2310 780 2331 “
800 2308 834 2349 si
852 2306 1080 2348 seeundum
1099 2317 1263 2346 carnem
1276 2301 1472 2353 vixeritis,
1493 2300 1738 2352 moriemini,
1761 2300 1794 2341 si
1814 2305 1955 2341 autem

518 2380 543 2403 “
564 2377 712 2433 spiritu
729 2376 842 2418 facta
861 2374 997 2417 carnis
1016 2369 1377 2422 mortificaveritis,
1396 2369 1558 2410 vivetis.
1581 2367 1604 2388 '’
1662 2367 1816 2408 Omnia
1840 2381 1955 2421 prae-

517 2447 631 2485 terea
649 2441 862 2499 legitimae
880 2439 1083 2494 cujusque
1102 2435 1364 2492 proprietatis
1377 2434 1474 2489 jura
1503 2432 1712 2484 invadere,
1745 2432 1956 2474 destruere

518 2506 790 2557 contendunt,
822 2519 871 2547 ac
899 2516 1119 2559 perperam
1151 2500 1288 2542 animo
1308 2505 1350 2541 et
1382 2498 1632 2553 cogitatione
1651 2496 1897 2552 confingunt
1917 2502 1958 2539 et

519 2571 805 2627 imaginantur
831 2569 902 2625 jus
934 2567 1146 2623 quoddam
1179 2563 1311 2606 nullis
1343 2561 1703 2616 circumscriptum
1736 2561 1955 2614 limitibus,

520 2650 605 2692 quo
642 2635 899 2691 reipublicae
935 2634 1101 2675 Statum
1139 2630 1294 2686 pollere
1327 2628 1578 2679 existimant,
1612 2640 1737 2681 quem
1770 2627 1958 2668 omnium

515 2701 676 2758 jurium
696 2699 899 2755 originem
919 2703 961 2740 et
978 2697 1136 2739 fontem
1156 2708 1241 2736 esse
1260 2700 1415 2735 temere
1433 2692 1697 2734 arbitrantur.

577 2764 694 2807 Dum
739 2777 840 2806 vero
885 2762 961 2806 hos
999 2760 1242 2817 praecipuos
1277 2757 1579 2800 infelicissimae
1615 2761 1778 2798 nostrae
1816 2755 1963 2797 aetatis
