2420 3480
638 443 697 489 50
1042 454 1320 488 concinium
1354 452 1687 492 Qvnnncmrsn

637 558 879 622 Propheta
917 558 1012 621 ipsi
1053 557 1245 606 dictum
1283 558 1462 606 fuerit:
1496 563 1524 586 “
1546 558 1665 606 Tibi
1701 558 1967 607 derelictus
2004 564 2080 607 est

635 660 834 707 pauper,
873 643 1090 706 orphano
1127 649 1180 690 tu
1220 642 1314 691 eris
1352 641 1553 704 adiutor.
1577 643 1605 666 '’
1641 641 1787 699 Quod
1825 642 1883 700 si,
1921 643 2080 705 impar

635 742 909 790 egenorum
956 726 1348 782 necessitatibus,
1392 725 1490 773 sibi
1532 725 1706 774 deesse
1750 726 1933 775 sentiat
1987 726 2078 775 has

634 814 915 863 dotationes
937 813 1130 876 quibuS,
1150 813 1206 861 'in
1244 812 1635 875 praecedentibus
1669 814 1882 871 saeculis,
1919 814 2078 877 pietas

635 899 860 948 fidelium
895 897 1134 945 ditaverat
1167 897 1465 953 Ecclesiam,
1497 897 1673 945 horum
1707 897 1878 945 Tobiae
1909 898 2077 946 verbo·

635 1001 749 1039 rum
771 983 1077 1033 recordetur:
1112 988 1140 1010 ‘⁶
1163 983 1216 1031 Si
1239 983 1456 1031 multum
1478 984 1569 1032 tibi
1590 983 1748 1040 fuerit,
1770 983 2079 1032 abundanter

642 1071 834 1127 :.·ibue;
889 1068 933 1116 si
984 1068 1221 1129 exiguum
1278 1067 1367 1115 tibi
1420 1066 1579 1124 fuerit,
1634 1068 1788 1116 etiam
1840 1069 2077 1130 exiguum

635 1155 844 1202 licenter
864 1151 1101 1214 impertiri
1124 1150 1284 1199 stude.
1307 1153 1334 1176 '⁹
1367 1150 1618 1207 Praeterea,
1656 1157 1834 1207 utetur,
1872 1151 1917 1199 si
1954 1166 2077 1213 opus

635 1239 795 1294 fuerit,
837 1253 896 1284 ea
940 1236 1162 1284 libertate
1206 1251 1315 1297 quae
1357 1236 1454 1298 ipsi
1495 1236 1704 1284 libenter
1741 1235 1805 1283 ab
1843 1236 2077 1284 omnibus

636 1321 935 1377 conceditur,
999 1319 1213 1368 divitum
1278 1322 1583 1381 erogationes
1647 1336 1729 1383 pro
1783 1320 2076 1382 pauperibus

635 1405 930 1470 implorandi
966 1421 980 1463 3
1033 1405 1258 1467 nihilque
1311 1405 1609 1453 Praesulibus
1660 1405 1824 1454 carius
1877 1407 1942 1454 sit
1989 1412 2077 1454 aut

631 1492 793 1556 potius
815 1506 967 1553 quam
992 1505 1176 1537 nomen
1200 1489 1394 1552 patroni
1416 1496 1502 1538 aut
1524 1489 1755 1539 advocati
1788 1506 2075 1554 pauperum.

634 1578 762 1640 Ipsis
785 1577 934 1639 igitur
955 1575 1298 1623 succurrendis
1326 1575 1615 1624 omnimodo
1652 1582 1701 1625 et
1738 1576 2078 1626 indesinenter

632 1661 873 1723 invigilet,
912 1659 1208 1721 felicemque
1245 1675 1352 1707 sese
1392 1660 1646 1708 existimet
1684 1661 1878 1723 quoties
1917 1676 2076 1709 unum

632 1764 696 1796 ex
717 1747 793 1794 his
815 1745 1057 1808 operibus,
1080 1745 1259 1806 quibus
1292 1750 1363 1793 tot
1396 1750 1447 1793 et
1482 1751 1635 1793 tantae
1666 1746 1876 1794 miseriae
1913 1745 2074 1794 suble-

633 1841 824 1886 vantur,
847 1829 1105 1877 instituere
1128 1829 1351 1892 potuerit.

1156 2005 1437 2039 DECRETUM
1460 2006 1546 2039 vu.

698 2109 1084 2174 Defunctiom‘bus
1106 2126 1216 2173 quas
1245 2109 1430 2174 parochi
1450 2111 1579 2157 unius
1603 2108 1797 2157 diaecesis
1825 2116 2008 2172 possunt

1011 2210 1206 2241 exercere
1229 2195 1273 2240 in
1290 2195 1491 2258 proxima
1511 2194 1695 2241 dioecesi.

701 2315 1041 2377 Opportunum
1058 2318 1357 2360 censuerunt
1372 2313 1538 2360 Patres
1552 2311 1799 2360 declar-are
1814 2311 2074 2373 antiquam

636 2399 858 2460 regulam
881 2395 1261 2444 Archidioecesis
1283 2396 1622 2453 Quebecensis
1641 2394 1803 2457 quoad
1842 2396 1949 2443 loca
1986 2395 2074 2444 ubi

635 2482 833 2547 parochi
855 2480 1051 2528 invitari
1074 2486 1299 2542 possunt,
1336 2486 1444 2528 tum
1466 2479 1527 2527 ad
1551 2478 1932 2542 praedicandum,
1962 2486 2073 2528 tum

638 2567 701 2616 ad
753 2565 1089 2614 confessiores
1143 2565 1248 2613 sive
1302 2564 1558 2622 laicorum,
1622 2566 1727 2613 sive
1781 2565 2073 2613 ‘cleri-corum

636 2650 924 2707 audiendas,
946 2666 1025 2698 ser
1048 2650 1126 2698 ari
1150 2665 1291 2712 posse
1313 2650 1368 2698 in
1390 2656 1491 2698 tota
1514 2650 1774 2698 Provincia
1798 2651 2073 2699 Ecclesias-

637 2738 752 2793 tica,
794 2736 949 2783 etiam
983 2750 1046 2782 nu
1064 2751 1117 2782 ,σο
1154 2734 1398 2782 divisione
1433 2735 1721 2783 dioecesium
1754 2735 1898 2792 facta,
1929 2741 1984 2783 ·e·t
2018 2736 2074 2783 in

638 2827 901 2884 posterum,
946 2819 1044 2868 nisi
1086 2819 1324 2882 placuerit
1366 2818 1637 2869 ordinariis
1679 2820 1901 2869 locorum
1933 2820 2076 2870 aliter

642 2907 910 2955 decernere.
