2412 3448
677 414 739 461 82
1069 425 1346 461 cononum
1372 426 1704 466 annumerasse

680 536 709 558 ‘⁸
732 536 783 579 et
824 527 886 578 de
929 529 1155 578 Ecclesia
1199 530 1525 579 benemeritos
1569 531 1655 593 qui
1693 530 1844 579 Sedes
1887 537 2123 581 vacantes

680 622 709 646 “
733 617 1003 672 obtineant,
1068 616 1148 663 vel
1204 615 1536 677 Coadjmoris
1568 616 1789 663 officium
1848 617 2123 679 suscipiant

680 706 709 730 “
732 700 867 748 illins
916 699 1146 761 Episcopi
1190 699 1274 760 qui
1317 699 1504 746 auxilio
1548 698 1856 761 coadjutoris
1900 700 2123 762 indigere

680 793 708 815 “
731 767 1003 835 censeatur.

745 877 773 899 “
796 869 939 927 Quod
1002 873 1191 931 spectat
1243 884 1356 916 vero
1410 868 1473 916 ad
1537 884 1685 917 casus
1740 870 1919 931 quibus
1985 877 2126 933 prout

683 962 711 984 “
735 954 956 1017 superius
990 958 1234 1001 statutum
1266 957 1356 1008 est,
1392 953 1604 1000 Concilii
1643 953 1963 1015 provincialis
1998 955 2124 1002 cele-

682 1046 710 1068 “
732 1039 886 1088 bratio
925 1053 1024 1085 non
1057 1037 1127 1085 ita
1166 1037 1389 1099 proxima
1426 1037 1507 1093 sit,
1546 1053 1609 1085 ne
1634 1037 1790 1085 Sedes
1814 1038 2124 1100 Episcopalis

684 1132 712 1154 “
735 1125 901 1186 aliqua
922 1122 1006 1170 diu
1029 1127 1187 1177 vacet,
1224 1121 1439 1183 primum
1461 1121 1553 1169 hoc
1578 1138 1875 1184 magnopere
1898 1129 2122 1186 opportu-

684 1216 712 1240 “
737 1226 860 1259 num
923 1208 1056 1256 sactu
1120 1214 1211 1263 est,
1276 1214 1332 1255 ut
1396 1208 1583 1269 singuli
1637 1209 1869 1271 Episcopi
1935 1211 2125 1258 litteras

685 1301 712 1324 ‘⁶
737 1293 1049 1355 subscriptas,
1092 1297 1142 1339 et
1181 1291 1345 1353 sigillo
1383 1293 1618 1348 munitas,
1662 1292 1850 1355 duplici
1892 1295 2124 1356 exemplo

682 1389 709 1410 ‘⁶
732 1380 862 1444 apud
905 1395 958 1426 se
1001 1378 1232 1433 habeant,
1290 1378 1468 1439 quibus
1526 1379 1875 1428 contineantur
1918 1380 2126 1428 nomina

681 1474 709 1496 “
730 1467 881 1515 trium
904 1464 1082 1512 saltem
1106 1462 1441 1520 Sacerdotum‚
1464 1479 1585 1526 quos
1608 1464 1813 1513 idoneos
1834 1466 2127 1514 arbitrentur

683 1559 710 1580 “
733 1551 795 1600 ad
818 1549 1098 1598 Dioecesim
1142 1548 1448 1609 regendam3
1492 1549 1586 1597 hae
1623 1558 1792 1598 autem
1831 1551 2021 1599 litterae
2054 1552 2127 1599 ita

682 1646 711 1667 “
733 1637 945 1686 exterius
967 1634 1217 1696 obsignari
1240 1633 1437 1690 debent,
1474 1641 1529 1683 ut
1564 1635 1856 1684 adveniente
1892 1638 2125 1700 Episcopi

683 1730 712 1752 “
734 1727 889 1772 morte
911 1719 1109 1767 Vicario
1131 1718 1367 1767 Generali
1390 1719 1656 1768 tradendae
1696 1737 1807 1769 esse
1843 1721 2126 1782 intelligan-

686 1816 714 1840 “
736 1815 850 1857 tur:
914 1805 1141 1852 Vicarius
1203 1819 1313 1852 vero
1368 1805 1627 1852 Generalis
1681 1805 1889 1853 alterum
1956 1822 2126 1854 earum

683 1902 711 1925 “
734 1896 1005 1943 litterarum
1028 1889 1314 1951 exemplum
1339 1889 1401 1938 ad
1425 1891 1879 1953 Archiepiscopum‚
1913 1893 2127 1939 alterum

687 1978 802 2026 “ad
845 1974 1254 2039 propinquiorem,
1315 1973 1393 2020 vel
1437 1974 1499 2022 ad
1555 1975 1801 2023 seniorem
1855 1993 1881 2023 e
1936 1976 2128 2024 duobus

689 2070 716 2092 “
741 2059 995 2124 Episcopis
1026 2057 1446 2119 propinquioribus
1483 2057 1804 2107 deserendum
1841 2066 1991 2107 curet.
2054 2061 2128 2107 Eo

689 2154 717 2176 “
740 2147 1011 2194 litterarum
1029 2140 1255 2202 exemplo
1282 2147 1498 2203 accepto,
1524 2142 1798 2204 Episcopus
1821 2143 2130 2204 propinquior

691 2232 805 2281 “ad
851 2227 1286 2289 Archiepiscopum
1331 2226 1509 2274 scribet
1553 2243 1766 2288 suasque
1818 2227 2128 2276 animadver-

689 2326 717 2348 “
741 2318 905 2366 siones
959 2311 1169 2374 adJiciet.
1235 2311 1456 2372 Epistola
1500 2312 1731 2374 Episcopi
1774 2312 2129 2374 propinquioris

693 2402 807 2450 “ad
846 2397 1283 2458 Archiepiscop-um
1327 2395 1505 2451 delata,
1560 2396 1638 2443 vel
1684 2396 1727 2443 si
1773 2397 2042 2458 neglexerit
2086 2398 2130 2445 is

690 2496 718 2518 “
741 2486 963 2539 scribere,
987 2480 1266 2529 rationabili
1289 2480 1456 2542 elapso
1480 2480 1713 2542 temporis
1737 2481 1908 2542 spatio,
1930 2480 2130 2529 Archie-

695 2582 723 2605 “
746 2574 975 2637 piscopus
1029 2565 1092 2615 ad
1145 2581 1320 2613 omnes
1383 2565 1650 2627 Episcopos
1694 2582 1758 2612 ne
1802 2566 2132 2627 propinquiori

693 2667 722 2690 ⁴⁶
745 2656 946 2721 quidem
969 2657 1173 2714 excepto
1211 2651 1405 2707 scribet,
1445 2657 1492 2698 et
1532 2651 1736 2699 nomina
1774 2651 1861 2699 illa
1884 2668 2001 2699 cum
2026 2653 2132 2699 suis

694 2753 722 2775 “
745 2736 1256 2792 animadversionibus
1281 2736 1695 2792 communicabit,
1732 2736 1942 2783 aliorum
1978 2736 2131 2783 etiam

695 2838 723 2861 ‘⁶
749 2824 1032 2878 nominibus
1055 2820 1252 2877 additis,
1289 2821 1331 2868 si
1356 2821 1430 2868 illi
1460 2835 1586 2881 quos
1608 2821 1880 2882 Episcopus
1902 2819 2133 2880 designa-
