<?xml version="1.0" encoding="UTF-8"?>
<!DOCTYPE html PUBLIC "-//W3C//DTD XHTML 1.0 Transitional//EN"
    "http://www.w3.org/TR/xhtml1/DTD/xhtml1-transitional.dtd">
<html xmlns="http://www.w3.org/1999/xhtml" xml:lang="en" lang="en">
 <head>
  <title>
</title>
<meta http-equiv="Content-Type" content="text/html;charset=utf-8" />
  <meta name='ocr-system' content='tesseract 3.04.00' />
  <meta name='ocr-capabilities' content='ocr_page ocr_carea ocr_par ocr_line ocrx_word'/>
</head>
<body>
  <div class='ocr_page' id='page_1' title='image "./cihm_04551_0017.png"; bbox 0 0 2332 3352; ppageno 0'>
   <div class='ocr_carea' id='block_1_1' title="bbox 114 0 1076 1">
    <p class='ocr_par' dir='ltr' id='par_1_1' title="bbox 114 0 1076 1">
     <span class='ocr_line' id='line_1_1' title="bbox 114 0 1076 1; baseline 0 0"><span class='ocrx_word' id='word_1_1' title='bbox 114 0 1076 1; x_wconf 95' lang='lat' dir='ltr'><strong> </strong></span> 
     </span>
    </p>
   </div>
   <div class='ocr_carea' id='block_1_2' title="bbox 0 0 116 404">
    <p class='ocr_par' dir='ltr' id='par_1_2' title="bbox 0 0 116 404">
     <span class='ocr_line' id='line_1_2' title="bbox 0 0 116 404; baseline 0 2948"><span class='ocrx_word' id='word_1_2' title='bbox 0 0 116 404; x_wconf 95' lang='lat' dir='ltr'><strong> </strong></span> 
     </span>
    </p>
   </div>
   <div class='ocr_carea' id='block_1_3' title="bbox 463 345 1487 400">
    <p class='ocr_par' dir='ltr' id='par_1_3' title="bbox 463 345 1487 400">
     <span class='ocr_line' id='line_1_3' title="bbox 463 345 1487 400; baseline 0 -9"><span class='ocrx_word' id='word_1_3' title='bbox 463 345 521 391; x_wconf 83' lang='lat'><strong>12</strong></span> <span class='ocrx_word' id='word_1_4' title='bbox 851 359 1130 394; x_wconf 65' lang='lat' dir='ltr'><strong>concinunt</strong></span> <span class='ocrx_word' id='word_1_5' title='bbox 1155 359 1487 400; x_wconf 69' lang='lat' dir='ltr'><strong>qunnnonnsn</strong></span> 
     </span>
    </p>
   </div>
   <div class='ocr_carea' id='block_1_4' title="bbox 457 460 1901 695">
    <p class='ocr_par' dir='ltr' id='par_1_4' title="bbox 457 460 1901 695">
     <span class='ocr_line' id='line_1_4' title="bbox 521 460 1901 526; baseline 0 -17"><span class='ocrx_word' id='word_1_6' title='bbox 521 461 637 511; x_wconf 82' lang='lat' dir='ltr'>Post</span> <span class='ocrx_word' id='word_1_7' title='bbox 659 461 910 526; x_wconf 85' lang='lat' dir='ltr'><strong>hymnum</strong></span> <span class='ocrx_word' id='word_1_8' title='bbox 939 462 1049 511; x_wconf 81' lang='lat' dir='ltr'><strong>Veni</strong></span> <span class='ocrx_word' id='word_1_9' title='bbox 1076 463 1275 520; x_wconf 79' lang='lat' dir='ltr'><strong><em>Creator,</em></strong></span> <span class='ocrx_word' id='word_1_10' title='bbox 1294 468 1343 511; x_wconf 86' lang='lat' dir='ltr'><strong>et</strong></span> <span class='ocrx_word' id='word_1_11' title='bbox 1363 460 1638 510; x_wconf 78' lang='lat' dir='ltr'><strong>orationem</strong></span> <span class='ocrx_word' id='word_1_12' title='bbox 1660 460 1901 519; x_wconf 66' lang='lat' dir='ltr'><strong>Adeamus,</strong></span> 
     </span>
     <span class='ocr_line' id='line_1_5' title="bbox 457 545 1901 610; baseline 0.001 -16"><span class='ocrx_word' id='word_1_13' title='bbox 457 546 584 594; x_wconf 84' lang='lat' dir='ltr'><strong>facie</strong></span> <span class='ocrx_word' id='word_1_14' title='bbox 627 563 767 596; x_wconf 85' lang='lat' dir='ltr'><strong>versa</strong></span> <span class='ocrx_word' id='word_1_15' title='bbox 813 548 874 597; x_wconf 81' lang='lat' dir='ltr'><strong>acl</strong></span> <span class='ocrx_word' id='word_1_16' title='bbox 919 546 1475 610; x_wconf 79' lang='lat' dir='ltr'><strong>imaginem.crucifixi,</strong></span> <span class='ocrx_word' id='word_1_17' title='bbox 1516 546 1568 595; x_wconf 90' lang='lat' dir='ltr'><strong>in</strong></span> <span class='ocrx_word' id='word_1_18' title='bbox 1614 545 1745 595; x_wconf 86' lang='lat' dir='ltr'><strong>dicta</strong></span> <span class='ocrx_word' id='word_1_19' title='bbox 1783 547 1901 597; x_wconf 82' lang='lat' dir='ltr'><strong>aula</strong></span> 
     </span>
     <span class='ocr_line' id='line_1_6' title="bbox 458 630 1815 695; baseline 0.001 -17"><span class='ocrx_word' id='word_1_20' title='bbox 458 630 689 693; x_wconf 79' lang='lat' dir='ltr'><strong>positam,</strong></span> <span class='ocrx_word' id='word_1_21' title='bbox 723 648 805 694; x_wconf 89' lang='lat' dir='ltr'><strong>per</strong></span> <span class='ocrx_word' id='word_1_22' title='bbox 831 632 1159 681; x_wconf 87' lang='lat' dir='ltr'><strong>Promotorem</strong></span> <span class='ocrx_word' id='word_1_23' title='bbox 1182 631 1395 680; x_wconf 88' lang='lat' dir='ltr'><strong>Concilii</strong></span> <span class='ocrx_word' id='word_1_24' title='bbox 1417 631 1815 695; x_wconf 78' lang='lat' dir='ltr'><strong>proclamantur:</strong></span> 
     </span>
    </p>
   </div>
   <div class='ocr_carea' id='block_1_5' title="bbox 451 726 1900 2216">
    <p class='ocr_par' dir='ltr' id='par_1_5' title="bbox 457 726 1899 874">
     <span class='ocr_line' id='line_1_7' title="bbox 486 726 1899 791; baseline 0.001 -17"><span class='ocrx_word' id='word_1_25' title='bbox 486 761 489 765; x_wconf 62' lang='grc'><strong>»</strong></span> <span class='ocrx_word' id='word_1_26' title='bbox 523 730 563 774; x_wconf 94' lang='grc'><strong>1.</strong></span> <span class='ocrx_word' id='word_1_27' title='bbox 597 727 815 777; x_wconf 86' lang='lat' dir='ltr'>Nomina</span> <span class='ocrx_word' id='word_1_28' title='bbox 837 728 1124 776; x_wconf 74' lang='lat' dir='ltr'><strong>officialium</strong></span> <span class='ocrx_word' id='word_1_29' title='bbox 1146 727 1230 789; x_wconf 90' lang='lat' dir='ltr'><strong>qni</strong></span> <span class='ocrx_word' id='word_1_30' title='bbox 1254 728 1306 776; x_wconf 89' lang='lat' dir='ltr'><strong>in</strong></span> <span class='ocrx_word' id='word_1_31' title='bbox 1329 727 1486 791; x_wconf 87' lang='lat' dir='ltr'><strong>prima</strong></span> <span class='ocrx_word' id='word_1_32' title='bbox 1502 726 1899 791; x_wconf 77' lang='lat' dir='ltr'>congregatione</span> 
     </span>
     <span class='ocr_line' id='line_1_8' title="bbox 457 811 1364 874; baseline 0.002 -16"><span class='ocrx_word' id='word_1_33' title='bbox 457 811 644 874; x_wconf 86' lang='lat' dir='ltr'><strong>privata</strong></span> <span class='ocrx_word' id='word_1_34' title='bbox 669 831 699 860; x_wconf 69' lang='grc'><strong>,.;</strong></span> <span class='ocrx_word' id='word_1_35' title='bbox 724 812 945 861; x_wconf 85' lang='lat' dir='ltr'><strong>Patribus</strong></span> <span class='ocrx_word' id='word_1_36' title='bbox 969 813 1114 861; x_wconf 87' lang='lat' dir='ltr'><strong>electi</strong></span> <span class='ocrx_word' id='word_1_37' title='bbox 1137 813 1328 861; x_wconf 79' lang='lat' dir='ltr'><strong>fuerant</strong></span> <span class='ocrx_word' id='word_1_38' title='bbox 1351 828 1364 870; x_wconf 84' lang='lat'>3</span> 
     </span>
    </p>

    <p class='ocr_par' dir='ltr' id='par_1_6' title="bbox 457 895 1900 1043">
     <span class='ocr_line' id='line_1_9' title="bbox 520 895 1900 958; baseline 0.001 -17"><span class='ocrx_word' id='word_1_39' title='bbox 520 897 566 941; x_wconf 84' lang='lat'><strong>2.</strong></span> <span class='ocrx_word' id='word_1_40' title='bbox 601 896 814 944; x_wconf 82' lang='lat' dir='ltr'>Nomina</span> <span class='ocrx_word' id='word_1_41' title='bbox 840 896 1174 958; x_wconf 78' lang='lat' dir='ltr'><strong>theologorum</strong></span> <span class='ocrx_word' id='word_1_42' title='bbox 1214 902 1263 945; x_wconf 92' lang='lat' dir='ltr'><strong>et</strong></span> <span class='ocrx_word' id='word_1_43' title='bbox 1300 895 1679 944; x_wconf 81' lang='lat' dir='ltr'><strong>canonistarum</strong></span> <span class='ocrx_word' id='word_1_44' title='bbox 1713 911 1743 944; x_wconf 87' lang='lat' dir='ltr'><strong>a</strong></span> <span class='ocrx_word' id='word_1_45' title='bbox 1782 909 1900 958; x_wconf 89' lang='lat' dir='ltr'><strong>quo-</strong></span> 
     </span>
     <span class='ocr_line' id='line_1_10' title="bbox 457 980 1417 1043; baseline 0.001 -17"><span class='ocrx_word' id='word_1_46' title='bbox 457 994 671 1040; x_wconf 86' lang='lat' dir='ltr'><strong>cumque</strong></span> <span class='ocrx_word' id='word_1_47' title='bbox 695 980 820 1027; x_wconf 87' lang='lat' dir='ltr'><strong>Rmo</strong></span> <span class='ocrx_word' id='word_1_48' title='bbox 843 980 1082 1043; x_wconf 86' lang='lat' dir='ltr'><strong>Episcopo</strong></span> <span class='ocrx_word' id='word_1_49' title='bbox 1106 981 1417 1029; x_wconf 86' lang='lat' dir='ltr'><strong>selectorum.</strong></span> 
     </span>
    </p>

    <p class='ocr_par' dir='ltr' id='par_1_7' title="bbox 456 1065 1900 1283">
     <span class='ocr_line' id='line_1_11' title="bbox 520 1065 1899 1129; baseline -0.001 -16"><span class='ocrx_word' id='word_1_50' title='bbox 520 1065 711 1113; x_wconf 86' lang='lat' dir='ltr'><strong>Deinde</strong></span> <span class='ocrx_word' id='word_1_51' title='bbox 736 1065 906 1127; x_wconf 77' lang='lat' dir='ltr'><strong>legitur</strong></span> <span class='ocrx_word' id='word_1_52' title='bbox 927 1066 1040 1114; x_wconf 91' lang='lat' dir='ltr'><strong>ordo</strong></span> <span class='ocrx_word' id='word_1_53' title='bbox 1057 1065 1393 1129; x_wconf 64' lang='lat' dir='ltr'><strong>praecedentia}</strong></span> <span class='ocrx_word' id='word_1_54' title='bbox 1418 1066 1471 1114; x_wconf 88' lang='lat' dir='ltr'><strong>in</strong></span> <span class='ocrx_word' id='word_1_55' title='bbox 1494 1065 1652 1128; x_wconf 89' lang='lat' dir='ltr'><strong>primo</strong></span> <span class='ocrx_word' id='word_1_56' title='bbox 1672 1065 1899 1113; x_wconf 89' lang='lat' dir='ltr'><strong>Concilio</strong></span> 
     </span>
     <span class='ocr_line' id='line_1_12' title="bbox 457 1149 1900 1213; baseline 0 -16"><span class='ocrx_word' id='word_1_57' title='bbox 457 1156 691 1206; x_wconf 87' lang='lat' dir='ltr'><strong>servatus,</strong></span> <span class='ocrx_word' id='word_1_58' title='bbox 736 1150 819 1211; x_wconf 89' lang='lat' dir='ltr'><strong>qui</strong></span> <span class='ocrx_word' id='word_1_59' title='bbox 848 1151 1048 1213; x_wconf 83' lang='lat' dir='ltr'><strong>jubetur</strong></span> <span class='ocrx_word' id='word_1_60' title='bbox 1083 1167 1114 1199; x_wconf 81' lang='lat' dir='ltr'><strong>a</strong></span> <span class='ocrx_word' id='word_1_61' title='bbox 1152 1151 1381 1200; x_wconf 88' lang='lat' dir='ltr'><strong>Patribus</strong></span> <span class='ocrx_word' id='word_1_62' title='bbox 1425 1150 1481 1200; x_wconf 86' lang='lat' dir='ltr'><strong>in</strong></span> <span class='ocrx_word' id='word_1_63' title='bbox 1524 1150 1619 1199; x_wconf 91' lang='lat' dir='ltr'><strong>hoc</strong></span> <span class='ocrx_word' id='word_1_64' title='bbox 1672 1149 1900 1213; x_wconf 83' lang='lat' dir='ltr'><strong>praesenti</strong></span> 
     </span>
     <span class='ocr_line' id='line_1_13' title="bbox 456 1235 897 1283; baseline 0.005 -2"><span class='ocrx_word' id='word_1_65' title='bbox 456 1235 680 1283; x_wconf 83' lang='lat' dir='ltr'><strong>Concilio</strong></span> <span class='ocrx_word' id='word_1_66' title='bbox 704 1235 897 1283; x_wconf 85' lang='lat' dir='ltr'><strong>servari.</strong></span> 
     </span>
    </p>

    <p class='ocr_par' dir='ltr' id='par_1_8' title="bbox 454 1319 1899 1635">
     <span class='ocr_line' id='line_1_14' title="bbox 518 1319 1897 1385; baseline 0.001 -17"><span class='ocrx_word' id='word_1_67' title='bbox 518 1321 883 1370; x_wconf 79' lang='lat' dir='ltr'><strong>Proclamantur</strong></span> <span class='ocrx_word' id='word_1_68' title='bbox 905 1322 1314 1385; x_wconf 77' lang='lat' dir='ltr'><strong>congregationes</strong></span> <span class='ocrx_word' id='word_1_69' title='bbox 1348 1321 1570 1379; x_wconf 84' lang='lat' dir='ltr'><strong>diversae,</strong></span> <span class='ocrx_word' id='word_1_70' title='bbox 1594 1320 1802 1377; x_wconf 86' lang='lat' dir='ltr'><strong>scilicet,</strong></span> <span class='ocrx_word' id='word_1_71' title='bbox 1837 1319 1897 1369; x_wconf 90' lang='lat' dir='ltr'><strong>de</strong></span> 
     </span>
     <span class='ocr_line' id='line_1_15' title="bbox 456 1405 1898 1468; baseline 0.001 -16"><span class='ocrx_word' id='word_1_72' title='bbox 456 1406 689 1462; x_wconf 75' lang='lat' dir='ltr'><strong>Decretis,</strong></span> <span class='ocrx_word' id='word_1_73' title='bbox 713 1405 773 1453; x_wconf 87' lang='lat' dir='ltr'><strong>de</strong></span> <span class='ocrx_word' id='word_1_74' title='bbox 806 1406 1056 1463; x_wconf 84' lang='lat' dir='ltr'><strong>Doctrina,</strong></span> <span class='ocrx_word' id='word_1_75' title='bbox 1080 1406 1140 1455; x_wconf 90' lang='lat' dir='ltr'><strong>de</strong></span> <span class='ocrx_word' id='word_1_76' title='bbox 1164 1407 1403 1468; x_wconf 71' lang='lat' dir='ltr'><strong>Lssurgia,</strong></span> <span class='ocrx_word' id='word_1_77' title='bbox 1445 1405 1507 1453; x_wconf 85' lang='lat' dir='ltr'><strong>de</strong></span> <span class='ocrx_word' id='word_1_78' title='bbox 1531 1405 1810 1467; x_wconf 81' lang='lat' dir='ltr'><strong>Disciplina</strong></span> <span class='ocrx_word' id='word_1_79' title='bbox 1849 1410 1898 1454; x_wconf 90' lang='lat' dir='ltr'><strong>et</strong></span> 
     </span>
     <span class='ocr_line' id='line_1_16' title="bbox 454 1489 1899 1554; baseline 0.003 -18"><span class='ocrx_word' id='word_1_80' title='bbox 454 1489 512 1537; x_wconf 91' lang='lat' dir='ltr'><strong>de</strong></span> <span class='ocrx_word' id='word_1_81' title='bbox 536 1490 739 1547; x_wconf 85' lang='lat' dir='ltr'><strong>Studiis,</strong></span> <span class='ocrx_word' id='word_1_82' title='bbox 758 1507 816 1538; x_wconf 92' lang='lat' dir='ltr'><strong>eo</strong></span> <span class='ocrx_word' id='word_1_83' title='bbox 842 1491 987 1539; x_wconf 90' lang='lat' dir='ltr'><strong>modo</strong></span> <span class='ocrx_word' id='word_1_84' title='bbox 1009 1508 1106 1553; x_wconf 86' lang='lat' dir='ltr'><strong>quo</strong></span> <span class='ocrx_word' id='word_1_85' title='bbox 1129 1507 1158 1540; x_wconf 86' lang='lat' dir='ltr'><strong>a</strong></span> <span class='ocrx_word' id='word_1_86' title='bbox 1181 1492 1432 1549; x_wconf 84' lang='lat' dir='ltr'><strong>Patribus,</strong></span> <span class='ocrx_word' id='word_1_87' title='bbox 1455 1491 1505 1539; x_wconf 91' lang='lat' dir='ltr'><strong>in</strong></span> <span class='ocrx_word' id='word_1_88' title='bbox 1529 1491 1718 1554; x_wconf 84' lang='lat' dir='ltr'><strong>privata</strong></span> <span class='ocrx_word' id='word_1_89' title='bbox 1739 1491 1899 1554; x_wconf 84' lang='lat' dir='ltr'><strong>prima</strong></span> 
     </span>
     <span class='ocr_line' id='line_1_17' title="bbox 455 1573 1333 1635; baseline 0.001 -15"><span class='ocrx_word' id='word_1_90' title='bbox 455 1573 861 1635; x_wconf 81' lang='lat' dir='ltr'><strong>Congregatione,</strong></span> <span class='ocrx_word' id='word_1_91' title='bbox 885 1574 1178 1623; x_wconf 82' lang='lat' dir='ltr'><strong>coordinatae</strong></span> <span class='ocrx_word' id='word_1_92' title='bbox 1202 1581 1333 1623; x_wconf 86' lang='lat' dir='ltr'><strong>sunt.</strong></span> 
     </span>
    </p>

    <p class='ocr_par' dir='ltr' id='par_1_9' title="bbox 451 1658 1896 1974">
     <span class='ocr_line' id='line_1_18' title="bbox 513 1658 1896 1722; baseline 0.002 -17"><span class='ocrx_word' id='word_1_93' title='bbox 513 1658 690 1707; x_wconf 83' lang='lat' dir='ltr'><strong>Postea</strong></span> <span class='ocrx_word' id='word_1_94' title='bbox 713 1659 943 1721; x_wconf 84' lang='lat' dir='ltr'><strong>leguntur</strong></span> <span class='ocrx_word' id='word_1_95' title='bbox 964 1660 1055 1709; x_wconf 84' lang='lat' dir='ltr'><strong>tria</strong></span> <span class='ocrx_word' id='word_1_96' title='bbox 1072 1658 1264 1709; x_wconf 83' lang='lat' dir='ltr'><strong>decreta</strong></span> <span class='ocrx_word' id='word_1_97' title='bbox 1284 1676 1393 1722; x_wconf 84' lang='lat' dir='ltr'><strong>quae</strong></span> <span class='ocrx_word' id='word_1_98' title='bbox 1412 1659 1462 1708; x_wconf 89' lang='lat' dir='ltr'><strong>in</strong></span> <span class='ocrx_word' id='word_1_99' title='bbox 1484 1658 1705 1708; x_wconf 84' lang='lat' dir='ltr'><strong>sessione</strong></span> <span class='ocrx_word' id='word_1_100' title='bbox 1722 1659 1896 1722; x_wconf 87' lang='lat' dir='ltr'><strong>prima,</strong></span> 
     </span>
     <span class='ocr_line' id='line_1_19' title="bbox 451 1742 1894 1807; baseline 0.001 -17"><span class='ocrx_word' id='word_1_101' title='bbox 451 1744 675 1804; x_wconf 84' lang='lat' dir='ltr'><strong>sequenti</strong></span> <span class='ocrx_word' id='word_1_102' title='bbox 721 1742 800 1791; x_wconf 88' lang='lat' dir='ltr'><strong>die</strong></span> <span class='ocrx_word' id='word_1_103' title='bbox 845 1743 1088 1801; x_wconf 84' lang='lat' dir='ltr'><strong>habenda,</strong></span> <span class='ocrx_word' id='word_1_104' title='bbox 1112 1743 1464 1807; x_wconf 78' lang='lat' dir='ltr'><strong>proclamanda</strong></span> <span class='ocrx_word' id='word_1_105' title='bbox 1498 1748 1632 1801; x_wconf 85' lang='lat' dir='ltr'><strong>sunt,</strong></span> <span class='ocrx_word' id='word_1_106' title='bbox 1668 1743 1860 1791; x_wconf 86' lang='lat' dir='ltr'><strong>scilicet</strong></span> <span class='ocrx_word' id='word_1_107' title='bbox 1882 1759 1894 1791; x_wconf 73' lang='grc' dir='ltr'><strong><em>ε</em></strong></span> 
     </span>
     <span class='ocr_line' id='line_1_20' title="bbox 456 1826 1896 1890; baseline 0.001 -16"><span class='ocrx_word' id='word_1_108' title='bbox 456 1829 497 1874; x_wconf 89' lang='grc'><strong>1.</strong></span> <span class='ocrx_word' id='word_1_109' title='bbox 531 1826 587 1874; x_wconf 92' lang='lat' dir='ltr'><strong>de</strong></span> <span class='ocrx_word' id='word_1_110' title='bbox 611 1826 873 1890; x_wconf 75' lang='lat' dir='ltr'><strong>aperienda</strong></span> <span class='ocrx_word' id='word_1_111' title='bbox 897 1828 1108 1890; x_wconf 85' lang='lat' dir='ltr'><strong>Synod0‚</strong></span> <span class='ocrx_word' id='word_1_112' title='bbox 1150 1831 1194 1875; x_wconf 83' lang='lat'><strong>2.</strong></span> <span class='ocrx_word' id='word_1_113' title='bbox 1214 1827 1274 1877; x_wconf 89' lang='lat' dir='ltr'><strong>de</strong></span> <span class='ocrx_word' id='word_1_114' title='bbox 1297 1827 1447 1877; x_wconf 90' lang='lat' dir='ltr'><strong>modo</strong></span> <span class='ocrx_word' id='word_1_115' title='bbox 1473 1826 1676 1876; x_wconf 87' lang='lat' dir='ltr'><strong>vivendi</strong></span> <span class='ocrx_word' id='word_1_116' title='bbox 1695 1827 1748 1875; x_wconf 92' lang='lat' dir='ltr'><strong>in</strong></span> <span class='ocrx_word' id='word_1_117' title='bbox 1767 1828 1896 1876; x_wconf 91' lang='lat' dir='ltr'><strong>Con-</strong></span> 
     </span>
     <span class='ocr_line' id='line_1_21' title="bbox 453 1911 1206 1974; baseline 0.001 -15"><span class='ocrx_word' id='word_1_118' title='bbox 453 1911 582 1968; x_wconf 83' lang='lat' dir='ltr'><strong>cilio,</strong></span> <span class='ocrx_word' id='word_1_119' title='bbox 604 1914 647 1958; x_wconf 89' lang='lat'><strong>3.</strong></span> <span class='ocrx_word' id='word_1_120' title='bbox 670 1911 731 1960; x_wconf 88' lang='lat' dir='ltr'><strong>de</strong></span> <span class='ocrx_word' id='word_1_121' title='bbox 755 1913 1051 1974; x_wconf 76' lang='lat' dir='ltr'><strong>professione</strong></span> <span class='ocrx_word' id='word_1_122' title='bbox 1075 1913 1206 1962; x_wconf 85' lang='lat' dir='ltr'><strong>fidei.</strong></span> 
     </span>
    </p>

    <p class='ocr_par' dir='ltr' id='par_1_10' title="bbox 451 1998 1895 2216">
     <span class='ocr_line' id='line_1_22' title="bbox 515 1998 1895 2062; baseline 0.001 -18"><span class='ocrx_word' id='word_1_123' title='bbox 515 1998 715 2059; x_wconf 82' lang='lat' dir='ltr'><strong>Legitur</strong></span> <span class='ocrx_word' id='word_1_124' title='bbox 753 2014 946 2060; x_wconf 86' lang='lat' dir='ltr'><strong>quoque</strong></span> <span class='ocrx_word' id='word_1_125' title='bbox 985 1999 1100 2047; x_wconf 82' lang='lat' dir='ltr'><strong>ordo</strong></span> <span class='ocrx_word' id='word_1_126' title='bbox 1139 2000 1224 2062; x_wconf 88' lang='lat' dir='ltr'><strong>qui</strong></span> <span class='ocrx_word' id='word_1_127' title='bbox 1263 2007 1483 2048; x_wconf 74' lang='lat' dir='ltr'><strong>servatus</strong></span> <span class='ocrx_word' id='word_1_128' title='bbox 1527 2004 1603 2047; x_wconf 88' lang='lat' dir='ltr'><strong>est</strong></span> <span class='ocrx_word' id='word_1_129' title='bbox 1647 1998 1701 2047; x_wconf 91' lang='lat' dir='ltr'><strong>in</strong></span> <span class='ocrx_word' id='word_1_130' title='bbox 1736 1998 1895 2062; x_wconf 88' lang='lat' dir='ltr'><strong>primo</strong></span> 
     </span>
     <span class='ocr_line' id='line_1_23' title="bbox 454 2082 1895 2145; baseline 0.002 -16"><span class='ocrx_word' id='word_1_131' title='bbox 454 2082 691 2139; x_wconf 86' lang='lat' dir='ltr'><strong>Concilio,</strong></span> <span class='ocrx_word' id='word_1_132' title='bbox 715 2089 764 2131; x_wconf 89' lang='lat' dir='ltr'><strong>et</strong></span> <span class='ocrx_word' id='word_1_133' title='bbox 786 2084 886 2145; x_wconf 89' lang='lat' dir='ltr'><strong>qui,</strong></span> <span class='ocrx_word' id='word_1_134' title='bbox 904 2084 964 2133; x_wconf 88' lang='lat' dir='ltr'><strong>ad</strong></span> <span class='ocrx_word' id='word_1_135' title='bbox 982 2091 1203 2133; x_wconf 82' lang='lat' dir='ltr'><strong>mentem</strong></span> <span class='ocrx_word' id='word_1_136' title='bbox 1226 2086 1446 2143; x_wconf 88' lang='lat' dir='ltr'><strong>Patrum,</strong></span> <span class='ocrx_word' id='word_1_137' title='bbox 1462 2084 1732 2133; x_wconf 87' lang='lat' dir='ltr'><strong>servandus</strong></span> <span class='ocrx_word' id='word_1_138' title='bbox 1747 2089 1824 2132; x_wconf 90' lang='lat' dir='ltr'><strong>est</strong></span> <span class='ocrx_word' id='word_1_139' title='bbox 1846 2089 1895 2132; x_wconf 83' lang='lat' dir='ltr'><strong>et</strong></span> 
     </span>
     <span class='ocr_line' id='line_1_24' title="bbox 451 2166 903 2216; baseline 0.007 -3"><span class='ocrx_word' id='word_1_140' title='bbox 451 2166 505 2213; x_wconf 88' lang='lat' dir='ltr'><strong>in</strong></span> <span class='ocrx_word' id='word_1_141' title='bbox 528 2166 623 2214; x_wconf 86' lang='lat' dir='ltr'><strong>hoe</strong></span> <span class='ocrx_word' id='word_1_142' title='bbox 648 2168 903 2216; x_wconf 80' lang='lat' dir='ltr'><strong>Concilio:</strong></span> 
     </span>
    </p>
   </div>
   <div class='ocr_carea' id='block_1_6' title="bbox 452 2251 1928 2478">
    <p class='ocr_par' dir='ltr' id='par_1_11' title="bbox 452 2251 1928 2478">
     <span class='ocr_line' id='line_1_25' title="bbox 518 2251 1928 2310; baseline 0.002 -12"><span class='ocrx_word' id='word_1_143' title='bbox 518 2253 558 2298; x_wconf 90' lang='lat'><strong>1.</strong></span> <span class='ocrx_word' id='word_1_144' title='bbox 593 2251 768 2307; x_wconf 82' lang='lat' dir='ltr'><strong>Quoad</strong></span> <span class='ocrx_word' id='word_1_145' title='bbox 787 2251 1122 2310; x_wconf 75' lang='lat' dir='ltr'><strong>residentiam,</strong></span> <span class='ocrx_word' id='word_1_146' title='bbox 1142 2270 1334 2302; x_wconf 88' lang='lat' dir='ltr'><strong>necnon</strong></span> <span class='ocrx_word' id='word_1_147' title='bbox 1353 2254 1749 2303; x_wconf 76' lang='lat' dir='ltr'><strong>distributionem</strong></span> <span class='ocrx_word' id='word_1_148' title='bbox 1770 2259 1895 2301; x_wconf 84' lang='lat' dir='ltr'><strong>tem·</strong></span> <span class='ocrx_word' id='word_1_149' title='bbox 1925 2279 1928 2282; x_wconf 46' lang='lat'><strong>⁴</strong></span> 
     </span>
     <span class='ocr_line' id='line_1_26' title="bbox 452 2334 1895 2401; baseline 0.003 -21"><span class='ocrx_word' id='word_1_150' title='bbox 452 2334 580 2396; x_wconf 81' lang='lat' dir='ltr'><strong>poris</strong></span> <span class='ocrx_word' id='word_1_151' title='bbox 625 2334 922 2384; x_wconf 81' lang='lat' dir='ltr'><strong>servandam</strong></span> <span class='ocrx_word' id='word_1_152' title='bbox 966 2337 1028 2385; x_wconf 83' lang='lat' dir='ltr'><strong>ab</strong></span> <span class='ocrx_word' id='word_1_153' title='bbox 1068 2338 1301 2387; x_wconf 87' lang='lat' dir='ltr'><strong>omnibus</strong></span> <span class='ocrx_word' id='word_1_154' title='bbox 1345 2340 1431 2401; x_wconf 87' lang='lat' dir='ltr'><strong>qui</strong></span> <span class='ocrx_word' id='word_1_155' title='bbox 1478 2338 1611 2387; x_wconf 85' lang='lat' dir='ltr'><strong>dicto</strong></span> <span class='ocrx_word' id='word_1_156' title='bbox 1669 2337 1895 2386; x_wconf 90' lang='lat' dir='ltr'><strong>Concilio</strong></span> 
     </span>
     <span class='ocr_line' id='line_1_27' title="bbox 454 2417 922 2478; baseline 0.009 -14"><span class='ocrx_word' id='word_1_157' title='bbox 454 2417 691 2466; x_wconf 79' lang='lat' dir='ltr'><strong>interesse</strong></span> <span class='ocrx_word' id='word_1_158' title='bbox 710 2418 891 2468; x_wconf 87' lang='lat' dir='ltr'><strong>debent</strong></span> <span class='ocrx_word' id='word_1_159' title='bbox 910 2436 922 2478; x_wconf 91' lang='lat'>;</span> 
     </span>
    </p>
   </div>
   <div class='ocr_carea' id='block_1_7' title="bbox 455 2496 1895 2634">
    <p class='ocr_par' dir='ltr' id='par_1_12' title="bbox 455 2496 1895 2634">
     <span class='ocr_line' id='line_1_28' title="bbox 516 2496 1895 2572; baseline 0.004 -23"><span class='ocrx_word' id='word_1_160' title='bbox 516 2505 559 2549; x_wconf 79' lang='lat'><strong>2.</strong></span> <span class='ocrx_word' id='word_1_161' title='bbox 595 2503 763 2560; x_wconf 82' lang='lat' dir='ltr'><strong>Quoad</strong></span> <span class='ocrx_word' id='word_1_162' title='bbox 792 2506 984 2567; x_wconf 83' lang='lat' dir='ltr'><strong>regulas</strong></span> <span class='ocrx_word' id='word_1_163' title='bbox 1008 2507 1058 2555; x_wconf 87' lang='lat' dir='ltr'><strong>in</strong></span> <span class='ocrx_word' id='word_1_164' title='bbox 1084 2496 1550 2572; x_wconf 79' lang='lat' dir='ltr'><strong>congregationibus</strong></span> <span class='ocrx_word' id='word_1_165' title='bbox 1581 2507 1895 2571; x_wconf 87' lang='lat' dir='ltr'><strong>generalibus</strong></span> 
     </span>
     <span class='ocr_line' id='line_1_29' title="bbox 455 2586 735 2634; baseline 0.007 -2"><span class='ocrx_word' id='word_1_166' title='bbox 455 2601 589 2634; x_wconf 86' lang='lat' dir='ltr'><strong>serva</strong></span> <span class='ocrx_word' id='word_1_167' title='bbox 600 2586 735 2634; x_wconf 84' lang='lat' dir='ltr'><strong>udas.</strong></span> 
     </span>
    </p>
   </div>
   <div class='ocr_carea' id='block_1_8' title="bbox 457 2668 1894 2818">
    <p class='ocr_par' dir='ltr' id='par_1_13' title="bbox 457 2668 1894 2818">
     <span class='ocr_line' id='line_1_30' title="bbox 517 2668 1894 2739; baseline 0.007 -23"><span class='ocrx_word' id='word_1_168' title='bbox 517 2668 661 2718; x_wconf 73' lang='lat' dir='ltr'><strong>&#39;I‘uuc</strong></span> <span class='ocrx_word' id='word_1_169' title='bbox 686 2671 863 2733; x_wconf 80' lang='lat' dir='ltr'><strong>legitur</strong></span> <span class='ocrx_word' id='word_1_170' title='bbox 884 2678 933 2721; x_wconf 91' lang='lat' dir='ltr'><strong>et</strong></span> <span class='ocrx_word' id='word_1_171' title='bbox 965 2673 1243 2725; x_wconf 79' lang='lat' dir='ltr'><strong>admittitur</strong></span> <span class='ocrx_word' id='word_1_172' title='bbox 1274 2676 1533 2739; x_wconf 85' lang='lat' dir='ltr'><strong>promissio</strong></span> <span class='ocrx_word' id='word_1_173' title='bbox 1566 2675 1812 2725; x_wconf 82' lang='lat' dir='ltr'><strong>ordinaria</strong></span> <span class='ocrx_word' id='word_1_174' title='bbox 1833 2675 1894 2725; x_wconf 89' lang='lat' dir='ltr'><strong>de</strong></span> 
     </span>
     <span class='ocr_line' id='line_1_31' title="bbox 457 2746 1894 2818; baseline 0.008 -19"><span class='ocrx_word' id='word_1_175' title='bbox 457 2760 639 2801; x_wconf 79' lang='lat' dir='ltr'><strong>secreto</strong></span> <span class='ocrx_word' id='word_1_176' title='bbox 662 2755 725 2803; x_wconf 81' lang='lat' dir='ltr'><strong>ab</strong></span> <span class='ocrx_word' id='word_1_177' title='bbox 748 2755 979 2806; x_wconf 87' lang='lat' dir='ltr'><strong>omnibns</strong></span> <span class='ocrx_word' id='word_1_178' title='bbox 1001 2746 1272 2818; x_wconf 54' lang='lat' dir='ltr'><strong>‘serrandQ</strong></span> <span class='ocrx_word' id='word_1_179' title='bbox 1310 2761 1440 2810; x_wconf 88' lang='lat' dir='ltr'><strong>circa</strong></span> <span class='ocrx_word' id='word_1_180' title='bbox 1475 2776 1551 2810; x_wconf 88' lang='lat' dir='ltr'><strong>res</strong></span> <span class='ocrx_word' id='word_1_181' title='bbox 1589 2761 1644 2810; x_wconf 90' lang='lat' dir='ltr'><strong>in</strong></span> <span class='ocrx_word' id='word_1_182' title='bbox 1669 2761 1894 2811; x_wconf 87' lang='lat' dir='ltr'><strong>Concilio</strong></span> 
     </span>
    </p>
   </div>
   <div class='ocr_carea' id='block_1_9' title="bbox 0 2924 2324 3348">
    <p class='ocr_par' dir='ltr' id='par_1_14' title="bbox 0 2924 2324 3348">
     <span class='ocr_line' id='line_1_32' title="bbox 0 2924 2324 3348; baseline 0 4"><span class='ocrx_word' id='word_1_183' title='bbox 0 2924 2324 3348; x_wconf 95' lang='lat' dir='ltr'><strong> </strong></span> 
     </span>
    </p>
   </div>
   <div class='ocr_carea' id='block_1_10' title="bbox 2300 0 2324 6">
    <p class='ocr_par' dir='ltr' id='par_1_15' title="bbox 2300 0 2324 6">
     <span class='ocr_line' id='line_1_33' title="bbox 2300 0 2324 6; baseline 0 0"><span class='ocrx_word' id='word_1_184' title='bbox 2300 0 2324 6; x_wconf 95' lang='lat' dir='ltr'><strong> </strong></span> 
     </span>
    </p>
   </div>
   <div class='ocr_carea' id='block_1_11' title="bbox 2330 0 2332 1706">
    <p class='ocr_par' dir='ltr' id='par_1_16' title="bbox 2330 0 2332 1706">
     <span class='ocr_line' id='line_1_34' title="bbox 2330 0 2332 1706; baseline 0 0"><span class='ocrx_word' id='word_1_185' title='bbox 2330 0 2332 1706; x_wconf 95' lang='lat' dir='ltr'><strong> </strong></span> 
     </span>
    </p>
   </div>
  </div>
 </body>
</html>
