2388 3416
961 369 1298 405 Paovmounn
1330 371 1409 405 111.
1852 365 1914 411 29

37 492 52 512 ⁷=
69 455 107 504 ·’
472 474 723 530 Sessione,
740 479 790 521 et
806 473 1079 535 requirente
1099 474 1396 531 Promotore,
1415 475 1623 524 Decreta
1641 480 1915 540 sequentia,

34 556 89 605 ri
463 561 569 622 jam
591 576 622 613 a
643 557 868 607 Patribus
892 558 1080 607 sancita
1103 558 1159 607 in
1194 559 1397 622 privatis
1422 561 1915 624 congregationibuS‚

469 645 783 708 promulgata
806 648 918 691 sunt
940 643 992 691 in
1012 643 1171 692 forma
1194 650 1411 701 assueta,
1434 646 1627 695 scilicet
1650 662 1662 695 t

536 734 576 779 1.
611 731 869 779 Renovans
884 733 932 777 et
941 729 1245 778 confirmans
1259 731 1472 779 Decreta
1484 730 1685 780 duorum
1699 733 1915 795 priorum

471 814 807 863 Conciliorum
829 813 1092 861 Provinciae
1118 814 1456 870 Quebecensis
1480 830 1493 872 ;

25 912 87 945 us
531 903 576 947 2.
611 899 687 946 De
730 897 1075 961 postulatione,
1121 914 1152 947 a
1196 898 1282 947 Sta
1315 898 1458 956 Sede,
1502 905 1645 948 certae
1688 902 1916 952 methodi
2298 903 2320 970 Jj'

471 982 723 1033 servandae
766 982 823 1031 in
854 981 1266 1031 commendandis
1297 983 1631 1032 sacerdotibus
1671 1001 1755 1048 pro
1796 987 1914 1050 Epi·

18 1088 22 1109 ¹
55 1080 85 1112 0
470 1070 661 1134 scopali
683 1067 922 1131 dignitate
945 1084 958 1126 ;
2298 1057 2317 1085 ¹

32 1155 83 1198 et
532 1158 576 1204 3.
600 1155 676 1203 De
698 1152 958 1217 Episcopis
981 1168 995 1209 3
2298 1140 2332 1228 ἒξ

533 1245 576 1289 4.
602 1241 678 1288 De
720 1238 1056 1288 functionibus
1101 1253 1225 1300 quas
1258 1237 1454 1301 parochi
1497 1239 1643 1287 unius
1688 1239 1914 1290 dioecesis
2297 1233 2318 1270 ⁴³

469 1330 678 1391 possunt
700 1338 921 1380 exercere
945 1323 999 1371 in
1020 1322 1245 1385 proxima
1267 1321 1468 1370 dioecesi
1491 1338 1505 1380 3
2297 1313 2316 1362 i.

533 1413 577 1458 5.
601 1411 677 1457 De
698 1406 913 1456 clericali
935 1405 1108 1454 habitu
1132 1404 1184 1454 in
1207 1405 1411 1454 Canada
1432 1405 1676 1469 Superiori
1699 1422 1712 1464 ς

14 1476 84 1509 na
532 1499 576 1542 6.
600 1495 675 1542 De
699 1491 847 1541 modo
870 1489 1154 1554 providendi
1177 1490 1558 1538 necessitatibus
1575 1490 1912 1550 ecclesiarum,

33 1549 85 1593 et
471 1578 875 1638 sacerdotumque
900 1574 1264 1631 sustentationi,
1285 1575 1341 1623 in
1365 1574 1571 1624 Canada
1592 1575 1866 1639 Superiori3

36 1628 86 1676 la
533 1667 577 1713 7.
602 1664 787 1724 Contra
829 1675 1007 1710 errores
1049 1658 1187 1708 hisce
1232 1660 1536 1722 temporibus
1581 1660 1762 1723 ubique
1815 1678 1914 1711 ser·

0 1728 83 1761 am
470 1757 642 1816 pentes
665 1767 678 1808 ;

0 1813 81 1847 ma
532 1837 578 1883 8.
602 1836 678 1882 De
722 1831 982 1880 devotione
1025 1830 1227 1878 Patrum
1265 1829 1492 1886 Concilii,
1537 1830 1666 1879 Cleri
1705 1831 1915 1881 secundi

0 1901 81 1934 am

471 1918 673 1974 ordinis,
722 1916 985 1976 Plebisque
1028 1913 1307 1962 christianae
1350 1914 1504 1961 totius
1548 1912 1914 1966 Ecclesiasticae

471 2000 739 2050 Provinciae
779 1997 1132 2056 Quebecensis,
1170 2012 1284 2059 erga
1318 1997 1579 2046 Summum
1616 1999 1914 2050 Pontificem

0 2070 80 2103 am
471 2087 620 2135 Pium
643 2085 712 2132 IX
736 2100 750 2142 ;

0 2158 81 2190 ΜΒ
535 2173 579 2217 9.
603 2170 678 2217 De
700 2165 1034 2216 Universitate
1056 2163 1330 2213 Lavallensi
1354 2180 1367 2221 ;

0 2226 82 2274 sse·
539 2257 612 2302 10.
636 2254 711 2302 De
767 2251 1100 2315 publicatione
1156 2250 1474 2298 Decretorum
1519 2248 1661 2313 hujus
1706 2252 1915 2302 Concilii

16 2309 81 2359 ad
473 2337 797 2389 Provincialis
821 2353 834 2395 ;

540 2426 613 2471 11.
636 2422 711 2469 De
766 2419 1076 2468 invocatione
1130 2422 1181 2466 et
1238 2418 1551 2466 veneratione
1604 2418 1913 2470 Beatissimae

0 2496 81 2538 '¹²⁸’
474 2508 642 2556 Mariae
664 2506 884 2568 Virginis
915 2504 1266 2552 Immaculatae.

15 2566 81 2615 ad
537 2593 645 2640 Hoc
668 2591 846 2640 ultimo
868 2591 1074 2638 Decreto
1108 2588 1334 2652 pei-lecte,
1358 2588 1610 2637 canticum
1640 2589 1915 2655 Mugnficat

41 2737 51 2747 ³
475 2681 538 2729 ab
560 2679 804 2735 omnibus,
828 2692 1012 2739 magna
1034 2692 1150 2724 curn
1166 2675 1480 2738 jubilatione,
1503 2682 1756 2726 cantatum
1778 2684 1867 2727 est.

0 2752 81 2785 eris

539 2764 749 2822 Deinde,
779 2763 826 2812 in
860 2762 1154 2812 instantiam
1175 2761 1487 2818 PromotoriS,
1509 2762 1816 2825 publicatum
1839 2771 1917 2815 est
