<?xml version="1.0" encoding="UTF-8"?>
<!DOCTYPE html PUBLIC "-//W3C//DTD XHTML 1.0 Transitional//EN"
    "http://www.w3.org/TR/xhtml1/DTD/xhtml1-transitional.dtd">
<html xmlns="http://www.w3.org/1999/xhtml" xml:lang="en" lang="en">
 <head>
  <title>
</title>
<meta http-equiv="Content-Type" content="text/html;charset=utf-8" />
  <meta name='ocr-system' content='tesseract 3.04.00' />
  <meta name='ocr-capabilities' content='ocr_page ocr_carea ocr_par ocr_line ocrx_word'/>
</head>
<body>
  <div class='ocr_page' id='page_1' title='image "./cihm_04551_0080.png"; bbox 0 0 2396 3416; ppageno 0'>
   <div class='ocr_carea' id='block_1_1' title="bbox 332 0 2388 834">
    <p class='ocr_par' dir='ltr' id='par_1_1' title="bbox 332 0 2388 834">
     <span class='ocr_line' id='line_1_1' title="bbox 383 0 2388 445; baseline 0 0"><span class='ocrx_word' id='word_1_1' title='bbox 383 0 2388 445; x_wconf 95' lang='lat' dir='ltr'><strong>   </strong></span> 
     </span>
     <span class='ocr_line' id='line_1_2' title="bbox 332 445 2388 773; baseline 0 -88"><span class='ocrx_word' id='word_1_2' title='bbox 332 445 2388 773; x_wconf 95' lang='lat' dir='ltr'><strong>    </strong></span> 
     </span>
     <span class='ocr_line' id='line_1_3' title="bbox 332 773 819 834; baseline 0 2582"><span class='ocrx_word' id='word_1_3' title='bbox 332 773 819 834; x_wconf 95' lang='lat' dir='ltr'><strong> </strong></span> 
     </span>
    </p>
   </div>
   <div class='ocr_carea' id='block_1_2' title="bbox 984 391 1415 427">
    <p class='ocr_par' dir='ltr' id='par_1_2' title="bbox 984 391 1415 427">
     <span class='ocr_line' id='line_1_4' title="bbox 984 391 1415 427; baseline -0.002 -1"><span class='ocrx_word' id='word_1_4' title='bbox 984 391 1317 427; x_wconf 69' lang='lat' dir='ltr'><strong>Pnovnmunn</strong></span> <span class='ocrx_word' id='word_1_5' title='bbox 1338 393 1415 427; x_wconf 79' lang='lat'><strong>111.</strong></span> 
     </span>
    </p>
   </div>
   <div class='ocr_carea' id='block_1_3' title="bbox 1013 606 1382 659">
    <p class='ocr_par' dir='ltr' id='par_1_3' title="bbox 1013 606 1382 659">
     <span class='ocr_line' id='line_1_5' title="bbox 1013 606 1382 659; baseline 0 -6"><span class='ocrx_word' id='word_1_6' title='bbox 1013 606 1382 659; x_wconf 85' lang='lat' dir='ltr'><strong>DECRETUM</strong></span> 
     </span>
    </p>
   </div>
   <div class='ocr_carea' id='block_1_4' title="bbox 819 788 1569 819">
    <p class='ocr_par' dir='ltr' id='par_1_4' title="bbox 819 788 1569 819">
     <span class='ocr_line' id='line_1_6' title="bbox 819 788 1569 819; baseline 0.001 -4"><span class='ocrx_word' id='word_1_7' title='bbox 819 788 852 816; x_wconf 79' lang='grc' dir='ltr'><strong>Β.</strong></span> <span class='ocrx_word' id='word_1_8' title='bbox 882 789 1058 819; x_wconf 77' lang='lat' dir='ltr'><strong>ooNGms</strong></span> <span class='ocrx_word' id='word_1_9' title='bbox 1085 790 1141 818; x_wconf 73' lang='lat' dir='ltr'><strong>DE</strong></span> <span class='ocrx_word' id='word_1_10' title='bbox 1167 789 1448 819; x_wconf 72' lang='lat' dir='ltr'>PROPAGANDA</span> <span class='ocrx_word' id='word_1_11' title='bbox 1475 788 1569 818; x_wconf 72' lang='lat' dir='ltr'>FIDE</span> 
     </span>
    </p>
   </div>
   <div class='ocr_carea' id='block_1_5' title="bbox 326 773 2388 980">
    <p class='ocr_par' dir='ltr' id='par_1_5' title="bbox 326 773 2388 980">
     <span class='ocr_line' id='line_1_7' title="bbox 326 773 2388 980; baseline 0 -146"><span class='ocrx_word' id='word_1_12' title='bbox 326 773 2388 980; x_wconf 95' lang='lat' dir='ltr'><strong>   </strong></span> 
     </span>
    </p>
   </div>
   <div class='ocr_carea' id='block_1_6' title="bbox 543 881 1856 996">
    <p class='ocr_par' dir='ltr' id='par_1_6' title="bbox 543 881 1856 996">
     <span class='ocr_line' id='line_1_8' title="bbox 543 881 1856 995; baseline -0.002 -66"><span class='ocrx_word' id='word_1_13' title='bbox 543 881 637 930; x_wconf 86' lang='lat' dir='ltr'><strong>Pro</strong></span> <span class='ocrx_word' id='word_1_14' title='bbox 658 885 931 931; x_wconf 74' lang='lat' dir='ltr'><em>concessione</em></span> <span class='ocrx_word' id='word_1_15' title='bbox 951 885 1193 995; x_wconf 48' lang='lat' dir='ltr'><strong>facultthip</strong></span> <span class='ocrx_word' id='word_1_16' title='bbox 1223 884 1508 935; x_wconf 73' lang='lat' dir='ltr'><strong>benedicendi</strong></span> <span class='ocrx_word' id='word_1_17' title='bbox 1537 883 1714 947; x_wconf 76' lang='lat' dir='ltr'><strong><em>nuptias</em></strong></span> <span class='ocrx_word' id='word_1_18' title='bbox 1732 889 1856 928; x_wconf 72' lang='lat' dir='ltr'><strong>extra</strong></span> 
     </span>
     <span class='ocr_line' id='line_1_9' title="bbox 1163 965 1309 996; baseline -0.007 0"><span class='ocrx_word' id='word_1_19' title='bbox 1163 965 1309 996; x_wconf 76' lang='lat' dir='ltr'><strong>wsam.</strong></span> 
     </span>
    </p>
   </div>
   <div class='ocr_carea' id='block_1_7' title="bbox 318 848 2388 1248">
    <p class='ocr_par' dir='ltr' id='par_1_7' title="bbox 318 848 2388 1248">
     <span class='ocr_line' id='line_1_10' title="bbox 318 848 2388 1248; baseline 0 -136"><span class='ocrx_word' id='word_1_20' title='bbox 318 980 2388 1248; x_wconf 95' lang='lat' dir='ltr'><strong>     </strong></span> <span class='ocrx_word' id='word_1_21' title='bbox 1309 848 2388 1141; x_wconf 95' lang='lat' dir='ltr'><strong>    </strong></span> 
     </span>
    </p>
   </div>
   <div class='ocr_carea' id='block_1_8' title="bbox 477 1059 1919 2063">
    <p class='ocr_par' dir='ltr' id='par_1_8' title="bbox 477 1059 1919 2063">
     <span class='ocr_line' id='line_1_11' title="bbox 542 1059 1917 1114; baseline -0.003 -3"><span class='ocrx_word' id='word_1_22' title='bbox 542 1065 669 1112; x_wconf 89' lang='lat' dir='ltr'><strong>Cum</strong></span> <span class='ocrx_word' id='word_1_23' title='bbox 695 1064 747 1112; x_wconf 92' lang='lat' dir='ltr'><strong>in</strong></span> <span class='ocrx_word' id='word_1_24' title='bbox 772 1064 1098 1114; x_wconf 74' lang='lat' dir='ltr'><strong>Generali&#39;bus</strong></span> <span class='ocrx_word' id='word_1_25' title='bbox 1121 1066 1349 1114; x_wconf 87' lang='lat' dir='ltr'><strong>Comitiis</strong></span> <span class='ocrx_word' id='word_1_26' title='bbox 1385 1066 1430 1113; x_wconf 88' lang='lat' dir='ltr'><strong>S.</strong></span> <span class='ocrx_word' id='word_1_27' title='bbox 1454 1065 1508 1112; x_wconf 89' lang='lat' dir='ltr'><strong>C.</strong></span> <span class='ocrx_word' id='word_1_28' title='bbox 1541 1063 1601 1112; x_wconf 88' lang='lat' dir='ltr'><strong>de</strong></span> <span class='ocrx_word' id='word_1_29' title='bbox 1624 1061 1764 1110; x_wconf 78' lang='lat' dir='ltr'><strong>Pnda</strong></span> <span class='ocrx_word' id='word_1_30' title='bbox 1797 1059 1917 1108; x_wconf 83' lang='lat' dir='ltr'><strong>Fide</strong></span> 
     </span>
     <span class='ocr_line' id='line_1_12' title="bbox 478 1146 1918 1214; baseline -0.003 -18"><span class='ocrx_word' id='word_1_31' title='bbox 478 1148 662 1196; x_wconf 84' lang='lat' dir='ltr'><strong>habitis</strong></span> <span class='ocrx_word' id='word_1_32' title='bbox 685 1148 766 1197; x_wconf 89' lang='lat' dir='ltr'><strong>die</strong></span> <span class='ocrx_word' id='word_1_33' title='bbox 789 1152 849 1197; x_wconf 89' lang='grc'><strong>30</strong></span> <span class='ocrx_word' id='word_1_34' title='bbox 873 1151 1097 1198; x_wconf 89' lang='lat' dir='ltr'><strong>Januarii</strong></span> <span class='ocrx_word' id='word_1_35' title='bbox 1124 1154 1258 1207; x_wconf 78' lang='lat'>1865,</span> <span class='ocrx_word' id='word_1_36' title='bbox 1291 1151 1522 1198; x_wconf 82' lang='lat' dir='ltr'><strong>referente</strong></span> <span class='ocrx_word' id='word_1_37' title='bbox 1545 1149 1673 1214; x_wconf 89' lang='lat' dir='ltr'><strong>Emo</strong></span> <span class='ocrx_word' id='word_1_38' title='bbox 1695 1162 1753 1194; x_wconf 89' lang='lat' dir='ltr'><strong>ac</strong></span> <span class='ocrx_word' id='word_1_39' title='bbox 1792 1146 1918 1193; x_wconf 88' lang='lat' dir='ltr'><strong>Rmo</strong></span> 
     </span>
     <span class='ocr_line' id='line_1_13' title="bbox 479 1229 1919 1294; baseline -0.003 -13"><span class='ocrx_word' id='word_1_40' title='bbox 479 1232 621 1284; x_wconf 85' lang='lat' dir='ltr'><strong>Card.</strong></span> <span class='ocrx_word' id='word_1_41' title='bbox 645 1233 901 1285; x_wconf 87' lang='lat' dir='ltr'><strong>Ludovico</strong></span> <span class='ocrx_word' id='word_1_42' title='bbox 938 1235 997 1284; x_wconf 88' lang='lat' dir='ltr'><strong>de</strong></span> <span class='ocrx_word' id='word_1_43' title='bbox 1022 1236 1235 1292; x_wconf 75' lang='lat' dir='ltr'><strong>Alteriis,</strong></span> <span class='ocrx_word' id='word_1_44' title='bbox 1258 1242 1427 1287; x_wconf 79' lang='lat' dir='ltr'><strong>actum</strong></span> <span class='ocrx_word' id='word_1_45' title='bbox 1444 1235 1587 1284; x_wconf 87' lang='lat' dir='ltr'><strong>suerit</strong></span> <span class='ocrx_word' id='word_1_46' title='bbox 1622 1232 1684 1280; x_wconf 89' lang='lat' dir='ltr'><strong>de</strong></span> <span class='ocrx_word' id='word_1_47' title='bbox 1709 1229 1919 1294; x_wconf 80' lang='lat' dir='ltr'><strong>supplici</strong></span> 
     </span>
     <span class='ocr_line' id='line_1_14' title="bbox 477 1315 1918 1379; baseline -0.003 -12"><span class='ocrx_word' id='word_1_48' title='bbox 477 1318 646 1367; x_wconf 88' lang='lat' dir='ltr'><strong>libello</strong></span> <span class='ocrx_word' id='word_1_49' title='bbox 683 1319 749 1370; x_wconf 84' lang='lat' dir='ltr'><strong>ab</strong></span> <span class='ocrx_word' id='word_1_50' title='bbox 788 1320 888 1369; x_wconf 86' lang='lat' dir='ltr'><strong>RR.</strong></span> <span class='ocrx_word' id='word_1_51' title='bbox 913 1321 1005 1369; x_wconf 89' lang='lat' dir='ltr'><strong>PP.</strong></span> <span class='ocrx_word' id='word_1_52' title='bbox 1028 1321 1132 1369; x_wconf 89' lang='lat' dir='ltr'><strong>DD.</strong></span> <span class='ocrx_word' id='word_1_53' title='bbox 1164 1321 1426 1373; x_wconf 76' lang='lat' dir='ltr'><strong>Francisco</strong></span> <span class='ocrx_word' id='word_1_54' title='bbox 1466 1319 1775 1379; x_wconf 79' lang='lat' dir='ltr'><strong>Baillargeon</strong></span> <span class='ocrx_word' id='word_1_55' title='bbox 1814 1315 1918 1377; x_wconf 87' lang='lat' dir='ltr'><strong>Epo</strong></span> 
     </span>
     <span class='ocr_line' id='line_1_15' title="bbox 478 1402 1919 1461; baseline -0.002 -11"><span class='ocrx_word' id='word_1_56' title='bbox 478 1403 670 1454; x_wconf 81' lang='lat' dir='ltr'><strong>Tloano</strong></span> <span class='ocrx_word' id='word_1_57' title='bbox 742 1404 927 1454; x_wconf 84' lang='lat' dir='ltr'><strong>Admre</strong></span> <span class='ocrx_word' id='word_1_58' title='bbox 996 1405 1376 1454; x_wconf 73' lang='lat' dir='ltr'><strong>Archidioecesis</strong></span> <span class='ocrx_word' id='word_1_59' title='bbox 1447 1402 1800 1461; x_wconf 78' lang='lat' dir='ltr'><strong>Quebecensis,</strong></span> <span class='ocrx_word' id='word_1_60' title='bbox 1869 1405 1919 1448; x_wconf 90' lang='lat' dir='ltr'><strong>et</strong></span> 
     </span>
     <span class='ocr_line' id='line_1_16' title="bbox 479 1483 1918 1552; baseline -0.001 -16"><span class='ocrx_word' id='word_1_61' title='bbox 479 1488 738 1551; x_wconf 79' lang='lat' dir='ltr'><strong>Episcopis</strong></span> <span class='ocrx_word' id='word_1_62' title='bbox 778 1489 1157 1541; x_wconf 80' lang='lat' dir='ltr'><strong>Canadensibus</strong></span> <span class='ocrx_word' id='word_1_63' title='bbox 1191 1493 1244 1538; x_wconf 88' lang='lat' dir='ltr'><strong>in</strong></span> <span class='ocrx_word' id='word_1_64' title='bbox 1282 1491 1353 1538; x_wconf 93' lang='lat' dir='ltr'><strong>III</strong></span> <span class='ocrx_word' id='word_1_65' title='bbox 1391 1487 1588 1552; x_wconf 88' lang='lat' dir='ltr'><strong>Synodo</strong></span> <span class='ocrx_word' id='word_1_66' title='bbox 1621 1483 1918 1537; x_wconf 83' lang='lat' dir='ltr'><strong>Provinciali</strong></span> 
     </span>
     <span class='ocr_line' id='line_1_17' title="bbox 479 1570 1917 1632; baseline 0.001 -13"><span class='ocrx_word' id='word_1_67' title='bbox 479 1571 794 1627; x_wconf 79' lang='lat' dir='ltr'><strong>Quebecensi</strong></span> <span class='ocrx_word' id='word_1_68' title='bbox 843 1589 980 1623; x_wconf 89' lang='lat' dir='ltr'><strong>anno</strong></span> <span class='ocrx_word' id='word_1_69' title='bbox 1028 1577 1147 1623; x_wconf 87' lang='grc'>1863</span> <span class='ocrx_word' id='word_1_70' title='bbox 1189 1574 1433 1622; x_wconf 86' lang='lat' dir='ltr'><strong>celebrata</strong></span> <span class='ocrx_word' id='word_1_71' title='bbox 1477 1570 1765 1632; x_wconf 80' lang='lat' dir='ltr'><strong>subscripto,</strong></span> <span class='ocrx_word' id='word_1_72' title='bbox 1820 1582 1917 1629; x_wconf 87' lang='lat' dir='ltr'><strong>quo</strong></span> 
     </span>
     <span class='ocr_line' id='line_1_18' title="bbox 479 1650 1918 1719; baseline -0.006 -10"><span class='ocrx_word' id='word_1_73' title='bbox 479 1653 692 1709; x_wconf 85' lang='lat' dir='ltr'>SSmum</span> <span class='ocrx_word' id='word_1_74' title='bbox 748 1657 806 1704; x_wconf 87' lang='lat' dir='ltr'><strong>D.</strong></span> <span class='ocrx_word' id='word_1_75' title='bbox 853 1657 913 1706; x_wconf 90' lang='lat' dir='ltr'><strong>N.</strong></span> <span class='ocrx_word' id='word_1_76' title='bbox 968 1658 1291 1719; x_wconf 77' lang='lat' dir='ltr'><strong>precabantur</strong></span> <span class='ocrx_word' id='word_1_77' title='bbox 1327 1663 1383 1707; x_wconf 89' lang='lat' dir='ltr'><strong>ut</strong></span> <span class='ocrx_word' id='word_1_78' title='bbox 1431 1655 1495 1705; x_wconf 87' lang='lat' dir='ltr'><strong>ad</strong></span> <span class='ocrx_word' id='word_1_79' title='bbox 1537 1652 1742 1705; x_wconf 83' lang='lat' dir='ltr'><strong>vitanda</strong></span> <span class='ocrx_word' id='word_1_80' title='bbox 1795 1650 1918 1701; x_wconf 86' lang='lat' dir='ltr'><strong>varii</strong></span> 
     </span>
     <span class='ocr_line' id='line_1_19' title="bbox 477 1737 1915 1805; baseline -0.009 -8"><span class='ocrx_word' id='word_1_81' title='bbox 477 1742 672 1803; x_wconf 69' lang='lat' dir='ltr'><strong>generis</strong></span> <span class='ocrx_word' id='word_1_82' title='bbox 705 1742 1039 1800; x_wconf 81' lang='lat' dir='ltr'><strong>incommoda,</strong></span> <span class='ocrx_word' id='word_1_83' title='bbox 1076 1744 1364 1799; x_wconf 82' lang='lat' dir='ltr'><strong>facultatem</strong></span> <span class='ocrx_word' id='word_1_84' title='bbox 1398 1758 1482 1805; x_wconf 91' lang='lat' dir='ltr'><strong>pro</strong></span> <span class='ocrx_word' id='word_1_85' title='bbox 1515 1739 1748 1795; x_wconf 78' lang='lat' dir='ltr'><strong>omnibus</strong></span> <span class='ocrx_word' id='word_1_86' title='bbox 1779 1737 1915 1785; x_wconf 72' lang='lat' dir='ltr'><strong>illius</strong></span> 
     </span>
     <span class='ocr_line' id='line_1_20' title="bbox 478 1825 1917 1889; baseline -0.003 -13"><span class='ocrx_word' id='word_1_87' title='bbox 478 1828 752 1881; x_wconf 68' lang='lat' dir='ltr'><strong>Provinciae</strong></span> <span class='ocrx_word' id='word_1_88' title='bbox 793 1830 1103 1882; x_wconf 73' lang='lat' dir='ltr'><strong>Dioecesibus</strong></span> <span class='ocrx_word' id='word_1_89' title='bbox 1135 1829 1401 1881; x_wconf 81' lang='lat' dir='ltr'><strong>concedere</strong></span> <span class='ocrx_word' id='word_1_90' title='bbox 1434 1828 1728 1889; x_wconf 82' lang='lat' dir='ltr'><strong>dignaretur,-</strong></span> <span class='ocrx_word' id='word_1_91' title='bbox 1760 1825 1917 1887; x_wconf 79' lang='lat' dir='ltr'><strong>imper-</strong></span> 
     </span>
     <span class='ocr_line' id='line_1_21' title="bbox 479 1909 1919 1976; baseline -0.003 -17"><span class='ocrx_word' id='word_1_92' title='bbox 479 1913 617 1963; x_wconf 67' lang='lat' dir='ltr'><strong>ciendi</strong></span> <span class='ocrx_word' id='word_1_93' title='bbox 654 1922 778 1961; x_wconf 57' lang='lat' dir='ltr'><strong>cotra</strong></span> <span class='ocrx_word' id='word_1_94' title='bbox 818 1914 1009 1965; x_wconf 72' lang='lat' dir='ltr'><strong>Missam</strong></span> <span class='ocrx_word' id='word_1_95' title='bbox 1042 1914 1374 1963; x_wconf 73' lang='lat' dir='ltr'><strong>benedictionem</strong></span> <span class='ocrx_word' id='word_1_96' title='bbox 1411 1911 1651 1976; x_wconf 75' lang='lat' dir='ltr'><strong>nuptialem</strong></span> <span class='ocrx_word' id='word_1_97' title='bbox 1689 1909 1919 1956; x_wconf 73' lang='lat' dir='ltr'><strong>solemnem</strong></span> 
     </span>
     <span class='ocr_line' id='line_1_22' title="bbox 478 1993 1919 2063; baseline -0.003 -20"><span class='ocrx_word' id='word_1_98' title='bbox 478 1997 534 2044; x_wconf 79' lang='lat' dir='ltr'><strong>iis</strong></span> <span class='ocrx_word' id='word_1_99' title='bbox 553 1999 741 2061; x_wconf 57' lang='lat' dir='ltr'><strong>aperiris,</strong></span> <span class='ocrx_word' id='word_1_100' title='bbox 758 1999 914 2063; x_wconf 72' lang='lat' dir='ltr'><strong>quibus</strong></span> <span class='ocrx_word' id='word_1_101' title='bbox 927 1999 1231 2062; x_wconf 62' lang='lat' dir='ltr'><strong>eamdcmjtare</strong></span> <span class='ocrx_word' id='word_1_102' title='bbox 1247 1997 1576 2047; x_wconf 67' lang='lat' dir='ltr'><strong>communitione</strong></span> <span class='ocrx_word' id='word_1_103' title='bbox 1597 1996 1713 2043; x_wconf 75' lang='lat' dir='ltr'><strong>intra</strong></span> <span class='ocrx_word' id='word_1_104' title='bbox 1731 1993 1919 2042; x_wconf 76' lang='lat' dir='ltr'><strong>Missam</strong></span> 
     </span>
    </p>
   </div>
   <div class='ocr_carea' id='block_1_9' title="bbox 0 748 2388 1753">
    <p class='ocr_par' dir='ltr' id='par_1_9' title="bbox 0 748 2388 1753">
     <span class='ocr_line' id='line_1_23' title="bbox 0 748 2388 1571; baseline 0 -245"><span class='ocrx_word' id='word_1_105' title='bbox 0 748 234 1571; x_wconf 95' lang='lat' dir='ltr'><strong> </strong></span> <span class='ocrx_word' id='word_1_106' title='bbox 318 1248 388 1411; x_wconf 95' lang='lat' dir='ltr'><strong>  </strong></span> <span class='ocrx_word' id='word_1_107' title='bbox 2304 1141 2388 1411; x_wconf 95' lang='lat' dir='ltr'><strong>   </strong></span> 
     </span>
     <span class='ocr_line' id='line_1_24' title="bbox 318 1411 2388 1663; baseline 0 -173"><span class='ocrx_word' id='word_1_108' title='bbox 318 1411 386 1663; x_wconf 95' lang='lat' dir='ltr'><strong>   </strong></span> <span class='ocrx_word' id='word_1_109' title='bbox 2320 1411 2388 1663; x_wconf 95' lang='lat' dir='ltr'><strong>   </strong></span> 
     </span>
     <span class='ocr_line' id='line_1_25' title="bbox 370 1663 383 1753; baseline 0 0"><span class='ocrx_word' id='word_1_110' title='bbox 370 1663 383 1753; x_wconf 95' lang='lat' dir='ltr'><strong> </strong></span> 
     </span>
    </p>
   </div>
   <div class='ocr_carea' id='block_1_10' title="bbox 0 1605 210 1914">
    <p class='ocr_par' dir='ltr' id='par_1_10' title="bbox 0 1605 210 1914">
     <span class='ocr_line' id='line_1_26' title="bbox 10 1605 210 1653; baseline 0.03 -6"><span class='ocrx_word' id='word_1_111' title='bbox 10 1605 210 1653; x_wconf 77' lang='lat' dir='ltr'><strong>uratu&#39;m</strong></span> 
     </span>
     <span class='ocr_line' id='line_1_27' title="bbox 0 1690 207 1750; baseline 0.024 -19"><span class='ocrx_word' id='word_1_112' title='bbox 0 1699 62 1741; x_wconf 63' lang='lat' dir='ltr'><strong>en,</strong></span> <span class='ocrx_word' id='word_1_113' title='bbox 100 1690 207 1750; x_wconf 76' lang='lat' dir='ltr'><strong>eJus</strong></span> 
     </span>
     <span class='ocr_line' id='line_1_28' title="bbox 1 1769 203 1820; baseline 0.025 -5"><span class='ocrx_word' id='word_1_114' title='bbox 1 1769 203 1820; x_wconf 80' lang='lat' dir='ltr'><strong>clesias-</strong></span> 
     </span>
     <span class='ocr_line' id='line_1_29' title="bbox 4 1853 203 1914; baseline 0.02 -13"><span class='ocrx_word' id='word_1_115' title='bbox 4 1853 203 1914; x_wconf 88' lang='lat' dir='ltr'><strong>endata,</strong></span> 
     </span>
    </p>
   </div>
   <div class='ocr_carea' id='block_1_11' title="bbox 352 1663 2388 2788">
    <p class='ocr_par' dir='ltr' id='par_1_11' title="bbox 352 1663 2388 2788">
     <span class='ocr_line' id='line_1_30' title="bbox 368 1663 2388 1921; baseline 0 0"><span class='ocrx_word' id='word_1_116' title='bbox 368 1753 382 1921; x_wconf 95' lang='lat' dir='ltr'><strong>  </strong></span> <span class='ocrx_word' id='word_1_117' title='bbox 2318 1663 2388 1921; x_wconf 95' lang='lat' dir='ltr'><strong>   </strong></span> 
     </span>
     <span class='ocr_line' id='line_1_31' title="bbox 367 1921 2388 2009; baseline 0 0"><span class='ocrx_word' id='word_1_118' title='bbox 367 1921 380 2009; x_wconf 95' lang='lat' dir='ltr'><strong> </strong></span> <span class='ocrx_word' id='word_1_119' title='bbox 2318 1921 2388 2009; x_wconf 95' lang='lat' dir='ltr'><strong> </strong></span> 
     </span>
     <span class='ocr_line' id='line_1_32' title="bbox 366 2009 2388 2180; baseline 0 -82"><span class='ocrx_word' id='word_1_120' title='bbox 366 2009 379 2098; x_wconf 95' lang='lat' dir='ltr'><strong> </strong></span> <span class='ocrx_word' id='word_1_121' title='bbox 2320 2009 2388 2180; x_wconf 95' lang='lat' dir='ltr'><strong>  </strong></span> 
     </span>
     <span class='ocr_line' id='line_1_33' title="bbox 358 2098 2388 2396; baseline 0 0"><span class='ocrx_word' id='word_1_122' title='bbox 358 2098 378 2396; x_wconf 95' lang='lat' dir='ltr'><strong>    </strong></span> <span class='ocrx_word' id='word_1_123' title='bbox 2320 2180 2388 2396; x_wconf 95' lang='lat' dir='ltr'><strong>   </strong></span> 
     </span>
     <span class='ocr_line' id='line_1_34' title="bbox 352 2396 2388 2691; baseline 0 0"><span class='ocrx_word' id='word_1_124' title='bbox 352 2396 371 2691; x_wconf 95' lang='lat' dir='ltr'><strong>   </strong></span> <span class='ocrx_word' id='word_1_125' title='bbox 2312 2396 2388 2691; x_wconf 95' lang='lat' dir='ltr'><strong>   </strong></span> 
     </span>
     <span class='ocr_line' id='line_1_35' title="bbox 352 2691 366 2788; baseline 0 628"><span class='ocrx_word' id='word_1_126' title='bbox 352 2691 366 2788; x_wconf 95' lang='lat' dir='ltr'><strong> </strong></span> 
     </span>
    </p>
   </div>
   <div class='ocr_carea' id='block_1_12' title="bbox 0 2024 1919 2753">
    <p class='ocr_par' dir='ltr' id='par_1_12' title="bbox 0 2024 1919 2173">
     <span class='ocr_line' id='line_1_36' title="bbox 0 2024 1919 2173; baseline -0.01 -30"><span class='ocrx_word' id='word_1_127' title='bbox 0 2024 198 2173; x_wconf 44' lang='lat' dir='ltr'><strong>(IL-pst?</strong></span> <span class='ocrx_word' id='word_1_128' title='bbox 478 2083 692 2146; x_wconf 67' lang='lat' dir='ltr'><strong>imper-titi</strong></span> <span class='ocrx_word' id='word_1_129' title='bbox 714 2102 730 2131; x_wconf 84' lang='grc'><strong>.-</strong></span> <span class='ocrx_word' id='word_1_130' title='bbox 780 2085 971 2137; x_wconf 84' lang='lat' dir='ltr'><strong>Eadem</strong></span> <span class='ocrx_word' id='word_1_131' title='bbox 994 2085 1043 2133; x_wconf 89' lang='lat' dir='ltr'><strong>S.</strong></span> <span class='ocrx_word' id='word_1_132' title='bbox 1065 2084 1391 2146; x_wconf 79' lang='lat' dir='ltr'><strong>Congregatio</strong></span> <span class='ocrx_word' id='word_1_133' title='bbox 1408 2081 1604 2135; x_wconf 84' lang='lat' dir='ltr'><strong>censuit</strong></span> <span class='ocrx_word' id='word_1_134' title='bbox 1628 2096 1687 2128; x_wconf 86' lang='lat' dir='ltr'><strong>ac</strong></span> <span class='ocrx_word' id='word_1_135' title='bbox 1705 2078 1919 2132; x_wconf 83' lang='lat' dir='ltr'><strong>decrevit</strong></span> 
     </span>
    </p>

    <p class='ocr_par' dir='ltr' id='par_1_13' title="bbox 4 2165 1917 2247">
     <span class='ocr_line' id='line_1_37' title="bbox 4 2165 1917 2247; baseline -0.018 -4"><span class='ocrx_word' id='word_1_136' title='bbox 4 2198 192 2247; x_wconf 82' lang='lat' dir='ltr'><strong>mensis</strong></span> <span class='ocrx_word' id='word_1_137' title='bbox 483 2167 839 2232; x_wconf 63' lang='lat' dir='ltr'><strong>supplicandum</strong></span> <span class='ocrx_word' id='word_1_138' title='bbox 861 2169 1008 2220; x_wconf 72' lang='lat' dir='ltr'><strong>sSmo</strong></span> <span class='ocrx_word' id='word_1_139' title='bbox 1025 2187 1109 2235; x_wconf 81' lang='lat' dir='ltr'><strong>pro</strong></span> <span class='ocrx_word' id='word_1_140' title='bbox 1119 2170 1291 2232; x_wconf 75' lang='lat' dir='ltr'><strong>gratia,</strong></span> <span class='ocrx_word' id='word_1_141' title='bbox 1314 2169 1542 2221; x_wconf 75' lang='lat' dir='ltr'><strong>accedente</strong></span> <span class='ocrx_word' id='word_1_142' title='bbox 1565 2175 1708 2214; x_wconf 77' lang='lat' dir='ltr'><strong>tamen</strong></span> <span class='ocrx_word' id='word_1_143' title='bbox 1724 2165 1917 2211; x_wconf 74' lang='lat' dir='ltr'><strong>rationa-</strong></span> 
     </span>
    </p>

    <p class='ocr_par' dir='ltr' id='par_1_14' title="bbox 0 2253 735 2336">
     <span class='ocr_line' id='line_1_38' title="bbox 0 2253 735 2336; baseline -0.001 -34"><span class='ocrx_word' id='word_1_144' title='bbox 0 2279 66 2336; x_wconf 43' lang='grc' dir='ltr'><strong>νὴ,</strong></span> <span class='ocrx_word' id='word_1_145' title='bbox 126 2298 186 2331; x_wconf 68' lang='lat' dir='ltr'><strong>ac</strong></span> <span class='ocrx_word' id='word_1_146' title='bbox 477 2253 555 2302; x_wconf 75' lang='lat' dir='ltr'><strong>bili</strong></span> <span class='ocrx_word' id='word_1_147' title='bbox 584 2271 735 2307; x_wconf 67' lang='lat' dir='ltr'><strong>causa.</strong></span> 
     </span>
    </p>

    <p class='ocr_par' dir='ltr' id='par_1_15' title="bbox 0 2344 1911 2496">
     <span class='ocr_line' id='line_1_39' title="bbox 0 2344 1911 2416; baseline -0.009 -9"><span class='ocrx_word' id='word_1_148' title='bbox 0 2368 185 2416; x_wconf 71' lang='lat' dir='ltr'><strong>›ecensi</strong></span> <span class='ocrx_word' id='word_1_149' title='bbox 542 2352 687 2400; x_wconf 83' lang='lat' dir='ltr'><strong>Hanc</strong></span> <span class='ocrx_word' id='word_1_150' title='bbox 712 2358 882 2401; x_wconf 77' lang='lat' dir='ltr'><strong>autem</strong></span> <span class='ocrx_word' id='word_1_151' title='bbox 907 2352 957 2401; x_wconf 84' lang='lat' dir='ltr'><strong>S.</strong></span> <span class='ocrx_word' id='word_1_152' title='bbox 983 2352 1205 2413; x_wconf 85' lang='lat' dir='ltr'><strong>Congnis</strong></span> <span class='ocrx_word' id='word_1_153' title='bbox 1229 2350 1527 2399; x_wconf 82' lang='lat' dir='ltr'><strong>sententiam</strong></span> <span class='ocrx_word' id='word_1_154' title='bbox 1567 2347 1719 2395; x_wconf 86' lang='lat' dir='ltr'><strong>SSmo</strong></span> <span class='ocrx_word' id='word_1_155' title='bbox 1757 2345 1816 2391; x_wconf 92' lang='lat' dir='ltr'><strong>D.</strong></span> <span class='ocrx_word' id='word_1_156' title='bbox 1850 2344 1911 2391; x_wconf 92' lang='lat' dir='ltr'><strong>N.</strong></span> 
     </span>
     <span class='ocr_line' id='line_1_40' title="bbox 479 2429 1910 2496; baseline -0.006 -13"><span class='ocrx_word' id='word_1_157' title='bbox 479 2435 568 2484; x_wconf 91' lang='lat' dir='ltr'><strong>Pio</strong></span> <span class='ocrx_word' id='word_1_158' title='bbox 612 2437 725 2486; x_wconf 82' lang='lat' dir='ltr'><strong>Div.</strong></span> <span class='ocrx_word' id='word_1_159' title='bbox 768 2438 960 2486; x_wconf 82' lang='lat' dir='ltr'><strong>Provid.</strong></span> <span class='ocrx_word' id='word_1_160' title='bbox 1006 2438 1098 2485; x_wconf 88' lang='lat' dir='ltr'><strong>PP.</strong></span> <span class='ocrx_word' id='word_1_161' title='bbox 1143 2437 1213 2484; x_wconf 91' lang='lat' dir='ltr'><strong>IX</strong></span> <span class='ocrx_word' id='word_1_162' title='bbox 1255 2436 1462 2484; x_wconf 81' lang='lat' dir='ltr'><strong>relatam</strong></span> <span class='ocrx_word' id='word_1_163' title='bbox 1506 2448 1588 2496; x_wconf 87' lang='lat' dir='ltr'><strong>per</strong></span> <span class='ocrx_word' id='word_1_164' title='bbox 1638 2432 1694 2478; x_wconf 90' lang='lat' dir='ltr'><strong>R.</strong></span> <span class='ocrx_word' id='word_1_165' title='bbox 1739 2430 1792 2477; x_wconf 90' lang='lat' dir='ltr'><strong>P.</strong></span> <span class='ocrx_word' id='word_1_166' title='bbox 1852 2429 1910 2476; x_wconf 93' lang='lat' dir='ltr'><strong>D.</strong></span> 
     </span>
    </p>

    <p class='ocr_par' dir='ltr' id='par_1_16' title="bbox 8 2513 1918 2660">
     <span class='ocr_line' id='line_1_41' title="bbox 8 2513 1918 2586; baseline -0.007 -13"><span class='ocrx_word' id='word_1_167' title='bbox 8 2532 88 2583; x_wconf 75' lang='lat' dir='ltr'><strong>die</strong></span> <span class='ocrx_word' id='word_1_168' title='bbox 127 2540 183 2585; x_wconf 88' lang='lat'><strong>19</strong></span> <span class='ocrx_word' id='word_1_169' title='bbox 479 2521 818 2571; x_wconf 83' lang='lat' dir='ltr'><strong>Hannibalem</strong></span> <span class='ocrx_word' id='word_1_170' title='bbox 876 2522 1071 2586; x_wconf 80' lang='lat' dir='ltr'><strong>Capalti</strong></span> <span class='ocrx_word' id='word_1_171' title='bbox 1126 2522 1170 2569; x_wconf 88' lang='lat' dir='ltr'><strong>S.</strong></span> <span class='ocrx_word' id='word_1_172' title='bbox 1226 2520 1453 2582; x_wconf 82' lang='lat' dir='ltr'><strong>Congnis</strong></span> <span class='ocrx_word' id='word_1_173' title='bbox 1497 2515 1820 2566; x_wconf 84' lang='lat' dir='ltr'><strong>Secretarium</strong></span> <span class='ocrx_word' id='word_1_174' title='bbox 1862 2513 1918 2561; x_wconf 88' lang='lat' dir='ltr'><strong>in</strong></span> 
     </span>
     <span class='ocr_line' id='line_1_42' title="bbox 479 2598 1915 2660; baseline -0.005 -8"><span class='ocrx_word' id='word_1_175' title='bbox 479 2604 734 2654; x_wconf 85' lang='lat' dir='ltr'><strong>audientia</strong></span> <span class='ocrx_word' id='word_1_176' title='bbox 777 2605 879 2654; x_wconf 88' lang='lat' dir='ltr'><strong>diei</strong></span> <span class='ocrx_word' id='word_1_177' title='bbox 924 2609 952 2653; x_wconf 90' lang='grc'><strong>5</strong></span> <span class='ocrx_word' id='word_1_178' title='bbox 1006 2605 1256 2654; x_wconf 82' lang='lat' dir='ltr'><strong>Februarii</strong></span> <span class='ocrx_word' id='word_1_179' title='bbox 1312 2607 1448 2660; x_wconf 83' lang='lat'>1865,</span> <span class='ocrx_word' id='word_1_180' title='bbox 1509 2600 1761 2652; x_wconf 83' lang='lat' dir='ltr'><strong>Sanctitas</strong></span> <span class='ocrx_word' id='word_1_181' title='bbox 1817 2598 1915 2646; x_wconf 86' lang='lat' dir='ltr'><strong>Sua</strong></span> 
     </span>
    </p>

    <p class='ocr_par' dir='ltr' id='par_1_17' title="bbox 0 2682 1916 2753">
     <span class='ocr_line' id='line_1_43' title="bbox 0 2682 1916 2753; baseline -0.006 -13"><span class='ocrx_word' id='word_1_182' title='bbox 0 2683 52 2731; x_wconf 63' lang='lat' dir='ltr'><strong>&amp;fi</strong></span> <span class='ocrx_word' id='word_1_183' title='bbox 478 2687 694 2751; x_wconf 80' lang='lat' dir='ltr'><strong>benigne</strong></span> <span class='ocrx_word' id='word_1_184' title='bbox 717 2690 1017 2753; x_wconf 85' lang='lat' dir='ltr'><strong>approbavit,</strong></span> <span class='ocrx_word' id='word_1_185' title='bbox 1051 2695 1100 2738; x_wconf 84' lang='lat' dir='ltr'><strong>et</strong></span> <span class='ocrx_word' id='word_1_186' title='bbox 1135 2689 1345 2752; x_wconf 80' lang='lat' dir='ltr'><strong>gratiam</strong></span> <span class='ocrx_word' id='word_1_187' title='bbox 1377 2692 1516 2751; x_wconf 82' lang='lat' dir='ltr'><strong>prout</strong></span> <span class='ocrx_word' id='word_1_188' title='bbox 1538 2699 1683 2748; x_wconf 71' lang='lat' dir='ltr'><strong>supra</strong></span> <span class='ocrx_word' id='word_1_189' title='bbox 1704 2682 1916 2744; x_wconf 82' lang='lat' dir='ltr'><strong>benigne</strong></span> 
     </span>
    </p>
   </div>
   <div class='ocr_carea' id='block_1_13' title="bbox 0 2691 2388 2847">
    <p class='ocr_par' dir='ltr' id='par_1_18' title="bbox 0 2691 2388 2847">
     <span class='ocr_line' id='line_1_44' title="bbox 0 2691 2388 2847; baseline 0 -59"><span class='ocrx_word' id='word_1_190' title='bbox 0 2788 477 2847; x_wconf 95' lang='lat' dir='ltr'><strong> </strong></span> <span class='ocrx_word' id='word_1_191' title='bbox 2312 2691 2388 2788; x_wconf 95' lang='lat' dir='ltr'><strong> </strong></span> 
     </span>
    </p>
   </div>
   <div class='ocr_carea' id='block_1_14' title="bbox 477 2775 739 2823">
    <p class='ocr_par' dir='ltr' id='par_1_19' title="bbox 477 2775 739 2823">
     <span class='ocr_line' id='line_1_45' title="bbox 477 2775 739 2823; baseline 0.011 -3"><span class='ocrx_word' id='word_1_192' title='bbox 477 2775 739 2823; x_wconf 79' lang='lat' dir='ltr'><strong>concessit.</strong></span> 
     </span>
    </p>
   </div>
   <div class='ocr_carea' id='block_1_15' title="bbox 0 2788 2388 3412">
    <p class='ocr_par' dir='ltr' id='par_1_20' title="bbox 0 2788 2388 3412">
     <span class='ocr_line' id='line_1_46' title="bbox 0 2788 2388 3412; baseline 0 -565"><span class='ocrx_word' id='word_1_193' title='bbox 0 2788 2388 3412; x_wconf 95' lang='lat' dir='ltr'><strong>  </strong></span> 
     </span>
    </p>
   </div>
  </div>
 </body>
</html>
