2404 3464
986 369 1325 404 PnovmcrALn
1350 371 1424 403 ιιι.
1674 351 1678 357 '
1871 358 1929 403 43

484 470 781 531 ignorantia,
834 486 985 532 quam
1039 489 1210 521 earum
1264 489 1349 536 per
1395 488 1575 520 errores
1631 478 1681 521 et
1722 472 1929 520 haereses

485 552 783 615 depravati0‚
817 555 922 615 pari
960 571 1076 603 cura
1114 556 1229 604 huic
1271 557 1402 619 operi
1441 556 1749 613 incumbant,
1791 563 1843 603 ut
1881 563 1929 605 et

484 655 669 687 errores
693 638 1022 697 confutentur,
1062 649 1110 690 et
1133 643 1426 704 ignorantiae
1450 643 1648 698 vitium,
1683 648 1927 703 quantum

484 725 591 773 fieri
614 725 801 787 poterit,
825 726 1154 788 extinguatur.

551 819 818 881 Invigilent
859 820 1188 870 nihilominus
1234 822 1484 884 Episcopi.
1524 838 1585 870 ne
1625 822 1678 870 in
1718 822 1930 884 proprias

485 902 725 952 dioeceses
748 905 933 953 abusus
956 906 1179 968 irrepant.
1245 909 1488 963 Quocirca
1522 924 1606 955 eos
1641 908 1786 955 enixe
1825 908 1930 955 hor·

489 995 624 1037 tatur
656 988 832 1038 eadem
869 997 1180 1039 sacrosancta
1217 991 1512 1039 Tridentrna
1549 991 1791 1053 Synodus,
1829 996 1856 1018 “
1878 997 1931 1038 ut

487 1073 562 1122 illi
585 1073 637 1120 in
662 1074 947 1122 commissis
970 1075 1064 1122 sibi
1086 1075 1312 1123 ecclesiis
1328 1092 1388 1122 eo
1412 1075 1648 1123 libentius
1671 1075 1932 1131 resideant,

485 1173 587 1219 quo
608 1157 806 1206 {acilius
844 1164 894 1206 et
917 1159 1228 1207 commodius
1268 1160 1363 1208 sibi
1402 1160 1647 1220 subjectos
1676 1175 1843 1221 ⁴regere
1880 1166 1932 1207 et

487 1241 541 1292 in
586 1242 700 1289 vitae
745 1257 804 1289 ac
847 1258 1042 1290 morum
1087 1243 1344 1291 honestate
1397 1245 1650 1300 continere
1705 1248 1931 1307 possint3

488 1334 634 1389 atque
669 1328 791 1376 illud
829 1329 1044 1391 primum
1082 1345 1166 1376 eos
1189 1328 1529 1377 admonendos
1564 1336 1748 1385 censet,
1786 1336 1842 1376 ut
1875 1345 1930 1377 se

487 1418 725 1475 pastores,
767 1429 865 1460 non
891 1429 1199 1475 percussores
1237 1430 1346 1461 esse
1388 1414 1741 1471 meminerint3
1774 1421 1825 1462 et
1861 1414 1931 1462 ita

489 1512 693 1559 praeesse
719 1498 929 1546 subdi-tis
947 1505 1181 1560 oportere,
1212 1506 1266 1546 uet
1292 1514 1391 1546 non
1415 1499 1468 1546 in
1503 1499 1576 1546 eis
1600 1498 1931 1554 domine-ntur,

489 1583 575 1633 sed
599 1584 714 1631 iilos
733 1590 972 1645 tanquam
991 1584 1119 1631 filios
1136 1591 1184 1631 et
1202 1583 1369 1631 fratres
1387 1583 1597 1645 diligant
1616 1601 1629 1641 ;
1661 1585 1930 1632 elaborent-

489 1682 584 1728 que
609 1675 677 1723 ut,
701 1667 938 1716 hortando
976 1674 1024 1715 et
1049 1667 1295 1715 monendo
1318 1669 1380 1715 ab
1419 1668 1609 1716 illicitis
1643 1667 1931 1723 deterreant,

489 1765 568 1807 ne,
618 1752 704 1800 ubi
759 1752 1071 1813 deliquerint,
1121 1752 1303 1799 debitis
1357 1768 1443 1800 eos
1496 1753 1653 1814 poenis
1706 1768 1931 1800 coercere

489 1842 742 1896 cogant-ur.
775 1837 914 1891 Quos
937 1844 1119 1892 tamen,
1143 1836 1184 1883 si
1201 1836 1333 1897 quid,
1357 1852 1441 1898 per
1453 1836 1727 1884 humana-m
1751 1837 1932 1897 fragili·

490 1924 661 1975 tatem,
702 1935 903 1982 peccare
944 1921 1220 1982 contigerit,
1261 1920 1347 1968 illa
1384 1921 1608 1982 Apostoii
1643 1928 1716 1968 est
1756 1921 1819 1968 ab
1858 1920 1933 1969 eis

492 2005 733 2054 servanda
787 2006 1058 2067 praeceptio,
1113 2011 1166 2053 ut
1219 2005 1329 2052 illos
1375 2011 1599 2066 arguant,
1658 2006 1932 2062 obsecrent,

491 2091 749 2154 increpent
782 2092 835 2139 in
854 2093 995 2140 omni
1017 2092 1236 2140 bonitate
1258 2097 1307 2138 et
1339 2091 1596 2153 patientia,
1632 2106 1749 2138 cum
1786 2106 1933 2152 saepe

492 2177 603 2238 p-lus
664 2193 777 2239 erga
833 2177 1142 2240 corrigendos
1204 2183 1317 2238 agat
1373 2176 1719 2225 benevolentia
1784 2191 1934 2235 quam

493 2263 770 2317 austeritas,
809 2261 921 2324 plus
950 2261 1223 2309 exhorta-tio
1256 2276 1408 2321 quam
1452 2260 1790 2314 comminatio⁹
1818 2260 1934 2320 plus

492 2347 707 2395 charitas
761 2364 912 2409 quam
966 2354 1194 2410 potestas.
1260 2346 1345 2394 Sin
1403 2351 1592 2400 autem,
1647 2345 1708 2392 ob
1764 2343 1935 2391 delicti

491 2435 799 2495 gravitatem,
847 2434 977 2495 virga
1020 2449 1141 2495 opus
1180 2433 1338 2488 fuerit,
1382 2438 1501 2480 tunc
1548 2447 1661 2478 cum
1708 2446 1934 2477 mansue-

492 2518 664 2566 tudine
721 2519 860 2580 rigor‚
913 2535 1029 2566 cum
1096 2517 1430 2566 misericordia
1493 2511 1757 2578 judicium,
1814 2530 1935 2563 cum

493 2602 697 2650 lenitate
732 2603 966 2650 severitas
999 2601 1281 2650 adhibenda
1323 2607 1416 2656 est,
1452 2605 1505 2647 ut
1546 2599 1651 2646 sine
1674 2598 1935 2660 asperitate

493 2686 756 2749 disciplina
781 2687 972 2749 populis
995 2686 1224 2735 salutaris
1238 2702 1296 2733 ae
1316 2684 1595 2732 necessaria
1609 2688 1935 2745 conservetur,

492 2772 642 2834 etqui
661 2772 861 2821 correcti
879 2771 1059 2820 fuerint
1082 2770 1411 2819 emendentur
1432 2784 1445 2826 3
1483 2775 1570 2817 aut
1588 2768 1629 2815 si
1651 2767 1935 2830 resipiscens
