2312 3368
0 473 164 528 logma-

4 552 51 580 ae
66 551 164 578 vero

0 618 23 646 a
59 601 166 644 nihil

6 669 167 717 rictam,

0 733 169 788 quidem

0 798 170 841 econdi-

0 865 171 918 atioque

2 942 173 970 currens

5 999 75 1036 cat
95 1007 171 1035 nec

15 1059 175 1114 quique

0 1124 174 1165 mximum

37 1202 174 1244 aequo

0 1256 96 1297 lane
132 1254 177 1295 id

0 1319 178 1374 gentium

0 1383 178 1426 educit.’'

0 1450 181 1504 estigare

0 1515 184 1556 tissimus

7 1592 184 1621 umanae

0 1661 37 1688 sa
76 1646 185 1687 vires

0 1726 36 1754 tn
70 1712 183 1753 dicto

10 1853 189 1895 cultores

0 1922 190 1973 ›ponunt,

0 1990 61 2024 rte
95 1988 193 2024 sunt

0 2058 107 2092 :tum
141 2051 195 2091 sit

0 2116 196 2156 tenebrae

2 2180 198 2222 eberrimi

0 2245 201 2287 araeelare

0 2311 202 2353 erroribus

1 2377 43 2417 in
82 2376 204 2417 nobis

4 2442 205 2484 membris

0 2507 136 2548 uando
156 2521 206 2548 ex

5 2578 206 2615 extenua·

0 2653 54 2680 tae
83 2644 211 2693 atquc

0 2719 45 2758 is,
68 2705 209 2760 ecquis

18 2771 33 2812 2
72 2771 214 2826 ecquis

1051 357 1321 390 Arrnnnlx.
1816 345 1904 390 101

471 459 514 500 in
531 459 662 501 tantis
679 458 886 513 periculis,
907 463 1035 513 atque
1053 459 1096 500 in
1116 463 1234 501 tanta
1255 459 1407 501 virium
1424 457 1667 501 infirmitate
1678 472 1731 501 ne
1743 459 1914 504 labatur,

470 529 513 566 et
529 529 699 566 corruat
716 523 946 565 necessaria
964 523 1044 565 sibi
1062 529 1185 579 neget
1217 524 1270 565 ad
1288 524 1465 565 salutem
1496 523 1708 578 religionis
1729 524 1910 576 divinae,

471 593 512 630 et
530 588 690 644 gratiae
708 586 895 629 caelestis
915 588 1094 630 auxilia?
1137 602 1246 643 quae
1263 588 1432 643 quidem
1450 587 1606 630 auxilia
1619 588 1913 644 benignissime

471 654 522 695 iis
559 654 736 709 largitur
767 653 896 704 Deus,
934 653 1008 709 qui
1044 653 1194 695 humili
1229 668 1350 709 prece
1385 654 1534 696 eadem
1570 652 1775 709 flagitent,
1812 668 1911 696 cum

472 720 674 774 scriptum
706 718 760 759 sit
806 717 967 760 “Deus
997 719 1183 774 superbis
1210 719 1374 770 resistit,
1410 718 1638 760 humilibus
1668 724 1807 760 autem
1839 720 1915 761 dat

471 781 694 837 gratiam.”
722 782 885 824 Idcirco
903 797 1122 825 conversus
1142 783 1242 825 olim
1254 783 1306 825 ad
1321 783 1490 825 Patrem
1505 783 1694 825 Christus
1705 783 1912 825 Dominus

473 847 675 890 altissima
711 847 939 889 veritatum
981 861 1130 889 arcana
1164 848 1376 902 patefacta
1410 847 1523 889 haud
1561 861 1648 889 esse
1685 847 1912 889 affirmavit

473 912 750 968 prudentibus
769 917 811 953 et
830 912 1084 966 sapientibus
1102 911 1226 967 hujus
1259 911 1424 964 saeculi,
1457 912 1531 967 qui
1560 912 1728 967 ingenio
1758 912 1909 954 doctri-

473 991 613 1034 naque
633 991 707 1020 sua
725 977 983 1032 superbiunt,
1005 983 1043 1019 et
1063 982 1271 1032 praestare
1289 983 1443 1033 negant
1455 978 1702 1032 obsequium
1714 977 1824 1030 fidei,
1840 978 1914 1020 sed

475 1057 575 1086 vero
593 1042 824 1085 humilibus
857 1057 906 1083 ac
939 1043 1196 1097 simplicibus
1223 1042 1473 1094 hominibus,
1508 1043 1581 1098 qui
1612 1042 1713 1084 fidei
1743 1044 1914 1085 divinae

475 1108 645 1151 oraculo
664 1108 855 1149 nituntur
873 1112 914 1149 et
932 1108 1240 1162 conquiescunt.
1296 1107 1489 1149 Salutare
1515 1107 1594 1150 hoc
1614 1108 1912 1150 documentum

476 1188 620 1216 eorum
666 1173 815 1215 animis
860 1173 1074 1215 inculcetis
1119 1178 1294 1228 oportet,
1350 1173 1423 1228 qui
1477 1172 1686 1215 humanae
1740 1174 1915 1216 rationis

476 1240 564 1280 vim
603 1252 732 1294 usque
770 1238 873 1280 adeo
912 1244 1179 1293 exaggerant,
1226 1237 1337 1279 illius
1383 1243 1430 1279 ut
1476 1252 1555 1292 ope
1590 1239 1788 1293 mysteria
1822 1239 1915 1294 ipsa

476 1304 655 1346 scrutari
692 1304 874 1345 audeant
903 1309 1028 1358 atque
1060 1303 1278 1357 explicare,
1322 1316 1405 1357 quo
1436 1302 1543 1344 nihil
1574 1303 1768 1358 ineptius,
1805 1303 1913 1344 nihil

475 1368 674 1411 insanius.
703 1367 919 1410 Revocare
936 1368 1029 1409 illos
1048 1368 1283 1409 contendite
1303 1382 1327 1409 a
1347 1373 1464 1409 tanta
1475 1369 1628 1410 mentis
1646 1369 1919 1423 perversitate

475 1438 729 1489 exponentes
757 1433 957 1474 nimirum
977 1433 1079 1473 nihil
1097 1446 1185 1474 esse
1203 1433 1490 1487 praestabilius
1509 1446 1534 1474 a
1553 1433 1815 1487 providentia
1833 1433 1916 1476 Dei

477 1512 716 1541 concessum
733 1497 983 1550 hominibus,
1018 1511 1143 1552 quam
1161 1496 1260 1538 fidei
1279 1497 1447 1539 divinae
1466 1497 1774 1550 auctoritatem,
1805 1496 1916 1540 hanc

474 1564 596 1607 nobis
633 1577 719 1606 esse
765 1562 884 1618 quasi
928 1562 1063 1604 facem
1106 1562 1152 1603 in
1198 1561 1391 1613 tenebris,
1436 1562 1545 1603 hanc
1591 1562 1741 1604 ducem
1787 1575 1918 1617 quam

477 1642 702 1685 sequamur
721 1628 774 1670 ad
795 1628 940 1680 vitam,
960 1627 1068 1669 hanc
1086 1626 1358 1669 necessariam
1377 1640 1544 1681 prorsus
1558 1640 1643 1668 esse
1657 1626 1710 1668 ad
1725 1626 1919 1680 salutem,

479 1697 626 1750 utpote
644 1693 758 1748 quod
777 1694 802 1716 “
822 1692 910 1733 sine
928 1691 1012 1732 fide
1030 1691 1285 1746 impossibile
1303 1696 1364 1733 est
1383 1691 1547 1746 placere
1564 1691 1670 1744 Deo,
1690 1696 1732 1733 et
1745 1691 1919 1747 quinon

479 1758 703 1803 crediderit
721 1757 1080 1801 condemnabitur.
1103 1757 1126 1777 ''

531 1836 723 1879 Errorem
744 1834 921 1877 alterum
939 1848 1014 1876 nec
1032 1834 1169 1875 minus
1184 1834 1402 1875 exitiosum
1418 1834 1582 1889 aliquas
1600 1834 1794 1876 catholici
1807 1833 1920 1875 orbis

480 1908 621 1958 partes
666 1913 891 1955 occupasse
937 1913 1020 1941 non
1079 1899 1167 1941 sine
1212 1912 1396 1940 moerore
1444 1899 1649 1949 novimus,
1689 1898 1921 1954 animisque

479 1967 675 2009 insedisse
701 1966 947 2020 plerumque
974 1964 1286 2015 catholicorum,
1325 1963 1399 2018 qui
1430 1964 1539 2005 bene
1571 1964 1824 2019 sperandum
1867 1963 1920 2005 de

481 2040 650 2074 aeterna
678 2031 844 2073 illorum
873 2030 1060 2072 omnium
1092 2031 1225 2072 salute
1255 2034 1418 2084 putant,
1452 2029 1525 2084 qui
1558 2029 1599 2070 in
1634 2043 1731 2071 vera
1765 2029 1921 2071 Christi

482 2098 670 2141 Ecclesia
693 2110 962 2153 nequaquam
982 2101 1211 2137 versantur.
1267 2095 1430 2136 Idcirco
1458 2095 1693 2149 percontari
1723 2108 1921 2149 saepenu-

481 2177 594 2207 mero
614 2164 759 2214 solent,
792 2176 999 2218 quaenam
1027 2162 1168 2203 futura
1188 2166 1281 2216 post
1302 2160 1463 2202 obitum
1490 2160 1541 2201 sit
1575 2174 1718 2202 eorum
1747 2173 1844 2210 sors,
1879 2164 1921 2201 et

482 2229 679 2281 conditio,
717 2228 789 2283 qui
820 2226 1052 2270 catholicae
1086 2226 1186 2268 fidei
1222 2226 1393 2266 minime
1422 2224 1577 2266 addicti
1606 2229 1714 2275 sunt,
1751 2224 1924 2265 vanissi-

482 2295 645 2349 misque
682 2293 873 2336 adductis
910 2291 1138 2333 rationibus
1186 2303 1425 2345 responsum
1456 2288 1769 2344 praestolentur,
1807 2287 1922 2343 quod

482 2374 641 2416 pravae
659 2358 755 2401 huic
775 2358 1004 2400 sententiae
1015 2356 1274 2412 suffragetur.
1304 2355 1443 2407 Absit,
1466 2353 1730 2396 Venerabiles
1744 2349 1923 2405 Fratres,

486 2431 531 2467 ut
549 2424 856 2467 misericordiae
874 2423 1055 2475 divinae,
1076 2435 1184 2477 quae
1201 2420 1366 2462 infinita
1387 2425 1460 2471 est,
1480 2420 1679 2462 terminos
1694 2419 1922 2460 audeamus

485 2504 726 2548 apponers;
769 2490 878 2532 absit
909 2494 957 2531 ut
994 2488 1243 2543 perscrutari
1280 2486 1456 2528 velimus
1488 2500 1642 2528 arcana
1678 2484 1849 2527 consilia
1881 2489 1925 2526 et

481 2557 644 2613 judicis.
665 2556 759 2607 Dei,
792 2568 901 2610 quac
920 2559 1017 2596 sunt
1051 2554 1226 2609 abyssus
1258 2552 1405 2602 multa,
1437 2565 1513 2594 nec
1546 2550 1729 2593 humana
1762 2555 1923 2605 queunt

486 2623 739 2678 cogitatione
765 2621 986 2676 penetrari.
1043 2620 1169 2671 Quod
1198 2633 1294 2660 vero
1313 2617 1547 2673 Apostolici
1574 2616 1721 2659 Nostri
1739 2615 1926 2657 muneris

488 2693 561 2739 est,
599 2685 890 2742 Episcopalem
927 2691 1107 2728 vestram
1144 2689 1188 2726 et
1226 2683 1546 2725 sollicitudinem
1584 2687 1626 2724 ct
1662 2681 1925 2736 vigilantiam

490 2752 714 2797 excitatam
728 2750 934 2805 volumus,
956 2756 1002 2792 ut
1014 2755 1219 2807 quantum
1232 2748 1401 2805 potestis
1412 2747 1670 2800 contendere,
1690 2745 1928 2801 opinionem
