2396 3448
516 433 578 478 36
926 444 1208 492 concitum
1234 443 1562 484 cucumer-:usn

516 548 581 595 Et
605 564 667 595 ex
688 548 829 596 Patre
855 554 1044 602 natum,
1080 554 1190 595 ante
1225 547 1391 594 omnia
1429 546 1621 593 saecula.
1688 546 1851 592 Deum
1895 544 1957 594 de

518 634 641 688 Dec,
665 631 833 680 lumen
856 632 914 680 de
949 632 1154 688 lumine,
1192 632 1353 678 Deum
1393 646 1558 677 verum
1595 629 1653 676 de
1691 630 1798 676 Deo
1832 645 1957 676 vero.

517 718 773 775 Genitum‚
811 734 908 765 non
945 718 1147 772 sactum,
1185 715 1657 764 consubstantialem
1693 715 1841 772 Patri,
1876 730 1961 777 per

518 819 669 865 quern
691 804 860 850 omnia
883 802 1012 850 sacta
1047 808 1176 849 sunt.
1242 801 1338 857 Qui
1365 807 1553 862 propter
1589 816 1678 847 nos
1714 799 1958 856 homines,

517 895 567 936 et
592 895 777 950 propter
801 895 1017 935 nostram
1054 887 1267 934 salutem
1296 884 1551 932 descendit
1573 883 1633 931 de
1673 884 1829 932 coelis.
1896 884 1960 931 Et

516 973 805 1020 incarnatus
824 978 896 1019 est
920 971 981 1017 de
1007 970 1187 1032 Spiritu
1214 972 1392 1016 Sancto
1424 985 1483 1016 ex
1519 969 1677 1016 Maria
1717 969 1919 1030 Virgine
1943 985 1956 1016 :

517 1063 570 1105 et
593 1056 738 1103 homo
765 1056 925 1103 factus
948 1061 1037 1101 est.
1103 1055 1379 1102 Crucifixus
1408 1054 1560 1101 etiam
1583 1070 1667 1116 pro
1691 1054 1828 1101 nobis
1868 1054 1958 1101 sub

514 1142 690 1189 Pontio
714 1142 883 1196 Pilato,
908 1156 1082 1202 passus
1105 1146 1153 1186 et
1177 1140 1400 1201 sepultus
1423 1144 1511 1186 est.
1596 1139 1658 1186 Et
1700 1139 1959 1187 resurrexit

517 1226 658 1274 tertia
702 1225 798 1280 die,
844 1223 1120 1271 secundum
1171 1223 1453 1285 Scripturas.
1520 1222 1582 1269 Et
1636 1223 1857 1270 ascendit
1903 1223 1956 1270 in

522 1310 718 1364 coelum,
735 1307 868 1355 sedet
883 1307 942 1355 ad
965 1308 1218 1355 dexteram
1239 1307 1405 1355 Patris.
1442 1308 1503 1354 Et
1523 1308 1703 1354 iterum
1724 1314 1959 1355 venturus

517 1401 595 1441 est
617 1409 729 1440 cum
752 1393 900 1454 gloria
917 1392 1138 1454 judicare
1163 1393 1298 1439 vivos
1316 1399 1364 1440 et
1386 1399 1598 1439 mortuos
1618 1408 1631 1449 ;
1664 1393 1807 1454 cujus
1826 1392 1959 1451 regni

519 1495 613 1526 non
639 1479 723 1526 erit
747 1478 874 1525 finis.
941 1479 1005 1525 Et
1028 1477 1080 1525 in
1121 1477 1355 1539 Spiritum
1395 1483 1626 1524 sanctum
1664 1477 1958 1534 Dominum,

518 1570 567 1610 et
591 1563 940 1616 vivificantem,
964 1561 1049 1623 qui
1072 1577 1134 1609 ex
1157 1562 1313 1615 Patre,
1338 1561 1556 1623 Filioque
1579 1560 1811 1623 procedit.
1857 1559 1958 1616 Qui

516 1663 631 1694 eum
656 1648 793 1694 Patre
816 1652 863 1694 et
887 1647 1016 1694 Filio
1040 1646 1181 1694 simul
1205 1646 1437 1703 adoratur,
1460 1654 1511 1695 ct
1533 1647 1956 1708 conglorificatur:

516 1733 601 1794 qui
640 1733 830 1780 locutus
866 1738 942 1779 est
980 1748 1061 1794 per
1093 1732 1375 1795 Prophetas.
1441 1734 1504 1781 Et
1552 1749 1706 1781 unam
1730 1741 1959 1781 sanctum

517 1816 827 1863 Catholicam
873 1821 923 1862 et
968 1816 1307 1876 Apostolicam
1353 1817 1645 1864 Ecclesiam.
1713 1817 1961 1864 Confiteor

520 1915 673 1947 unum
720 1891 965 1961 baptisma
1011 1899 1059 1947 in
1105 1901 1444 1948 remissionem
1499 1909 1829 1964 peccatorum.
1897 1902 1960 1948 Et

520 1994 720 2047 expecto
745 1986 1147 2033 resurrectionem
1168 1994 1474 2035 mortuorum.
1511 1989 1573 2035 Et
1589 1989 1744 2035 vitam
1767 1987 1960 2035 venturi

522 2071 699 2117 saeculi.
734 2072 907 2117 Amen.
975 2071 1958 2132 Apostolicaseiecclesiasticastraditio-

524 2171 627 2209 nes,
650 2155 955 2216 reliquasque
979 2155 1199 2215 ejusdem
1220 2157 1453 2203 Ecclesiae
1491 2157 1874 2213 observationes,
1911 2163 1962 2205 et

525 2240 897 2287 constitutiones
922 2239 1203 2286 firmissime
1227 2239 1435 2288 admitto
1458 2248 1507 2288 et
1529 2241 1816 2302 amplector.

589 2325 712 2371 Item
738 2325 933 2371 Sacram
962 2325 1261 2386 scripturam
1278 2325 1416 2386 juxta
1433 2341 1548 2372 eum
1569 2341 1786 2380 sensum,
1809 2340 1958 2386 quem

527 2408 683 2455 tenuit
726 2414 776 2454 et
818 2414 954 2455 tenet
997 2416 1171 2456 sancta
1217 2409 1375 2456 Mater
1418 2409 1662 2466 Ecclesia,
1707 2410 1848 2470 cujus
1886 2417 1963 2458 est

522 2492 737 2553 judicare
772 2490 829 2538 de
864 2506 978 2538 vero
1010 2507 1163 2539 sensu
1197 2502 1245 2539 et
1281 2492 1678 2555 interpretatione
1714 2509 1963 2542 sacrarum

532 2577 900 2639 Scripturarum‚
924 2576 1134 2625 admitto
1156 2593 1167 2625 τ
1203 2595 1292 2626 nec
1316 2595 1428 2627 eam
1455 2595 1683 2641 unquam,
1708 2580 1803 2627 nisi
1820 2580 1965 2641 juxta

529 2663 809 2710 unanimem
853 2678 1157 2711 consensum
1201 2665 1400 2712 Petrum
1445 2664 1690 2727 accipiam
1730 2672 1779 2713 et
1820 2664 1965 2714 inter·

531 2746 760 2811 pretabor.

596 2832 817 2881 Profiteor
857 2847 1047 2895 quoque
1102 2840 1289 2897 septem
1345 2851 1453 2883 esse
1508 2851 1619 2884 vere
1675 2841 1724 2884 et
1777 2836 1966 2898 proprie
