2404 3432
645 388 704 436 78
1046 398 1325 432 cononum
1361 396 1692 436 comunem-sn

643 504 1014 567 Indulgentiam
1037 510 1086 551 et
1109 501 1451 550 remissionem
1474 498 1851 548 misericorditer
1884 501 1939 549 in
1970 503 2085 550 Dno

643 589 902 638 concessit.
937 589 1144 650 Insuper
1160 586 1390 634 omnibu-s
1404 584 1737 647 praedictarum
1756 585 2085 636 Sodalitatum

644 674 977 723 confratribus
1020 678 1068 720 et
1114 670 1461 719 Consororibus
1515 671 1711 732 quoties
1754 672 1908 720 alicui
1950 674 2083 735 operi

645 775 751 808 suae
772 758 1057 807 Sodalitatis
1078 756 1266 820 proprio
1299 756 1597 813 vacaverint,
1621 772 1715 804 nec
1752 772 1851 805 non
1888 759 2081 819 quoties

638 843 780 907 juxta
801 841 995 904 regulas
1017 855 1117 888 snae
1142 838 1426 887 sodalitatis
1461 839 1511 886 in
1546 854 1705 887 unum
1742 842 2081 898 convenerint,

642 926 911 976 dummodo
934 925 1142 974 contrito
1165 924 1344 971 saltem
1377 922 1520 971 corde
1554 924 1826 972 orationem
1851 926 2077 974 Domini-

642 1029 770 1069 ca-m,
808 1011 1173 1060 Salutationem
1199 1009 1489 1071 Angelicarn
1511 1025 1570 1057 ac
1593 1010 1883 1072 Trisagium
1906 1011 2079 1060 devote

640 1096 965 1152 recitaverint,
987 1099 1266 1142 tercentum.
1285 1093 1390 1141 dies
1413 1092 1473 1141 de
1497 1093 1734 1155 injunctis
1749 1095 1827 1150 iis,
1852 1111 1939 1143 seu
1955 1096 2081 1145 alias

640 1179 1005 1242 quomodolibet
1042 1177 1223 1225 debitis
1246 1177 1551 1239 poenitentiis
1573 1177 1625 1225 in
1665 1177 1820 1225 forma
1844 1178 2079 1226 Ecclesiae

639 1271 877 1314 consueta
899 1263 1131 1312 relaxavit
1156 1278 1169 1319 ;
1222 1277 1346 1323 quas
1368 1278 1540 1310 omnes
1576 1267 1626 1309 et
1662 1263 1887 1323 singulas
1910 1263 2080 1312 Indul-

636 1351 842 1412 gentias,
875 1354 1195 1412 peccatorum
1235 1347 1567 1403 remissiones,
1595 1363 1653 1395 ac
1677 1348 2082 1410 poenitentiarum

634 1435 960 1484 relaxationes
1018 1434 1170 1481 etiam
1207 1433 1485 1481 Animabus
1508 1432 1933 1490 Christifidclium,
1971 1447 2080 1496 quae

634 1519 737 1567 Deo
759 1520 812 1567 in
834 1518 1036 1567 caritate
1058 1518 1336 1579 conjunctae
1373 1533 1435 1565 ex
1473 1517 1570 1565 hac
1592 1518 1703 1566 luce
1743 1519 2079 1580 migraverint,

631 1621 716 1668 per
736 1603 941 1652 modum
964 1603 1186 1664 suffragii
1223 1603 1456 1665 applicari
1495 1619 1637 1666 posse
1677 1605 1827 1652 etiam
1869 1605 1921 1653 in
1962 1607 2075 1654 Dno

631 1688 891 1736 concessit.
957 1687 1227 1735 Contrariis
1282 1686 1676 1750 quibuscumque
1730 1705 1830 1737 non
1875 1691 2076 1739 obstan·

633 1773 780 1821 tibus.

693 1860 805 1906 Dat.
827 1858 997 1904 Romae
1028 1872 1092 1905 ex
1116 1855 1223 1904 AEd.
1258 1855 1405 1905 dietae
1441 1857 1491 1904 S.
1527 1858 1581 1905 O.
1617 1857 1678 1905 de
1715 1859 1764 1905 P.
1801 1859 1855 1906 F.
1894 1859 1972 1908 die
2015 1863 2071 1908 19

632 1942 843 2004 Augusti
869 1943 1005 1989 1865.

1308 2005 1382 2052 Al.
1417 2006 1471 2052 C.
1506 2005 1757 2062 Bmmno,
1791 2007 1925 2054 Praes.

692 2090 748 2137 L.
781 2090 825 2137 S.
1435 2090 1496 2137 H.
1533 2092 1771 2148 CAPAL‘H,
1796 2092 2006 2140 Secrius.

1190 2292 1501 2341 LITTERAE

626 2425 657 2453 S.
679 2424 853 2454 GONGNIS
880 2423 936 2451 DE
962 2421 1244 2451 PROPAGANDA
1268 2423 1362 2451 FIDE
1389 2424 1446 2451 AD
1473 2425 1513 2452 R.
1534 2425 1569 2453 P.
1591 2426 1630 2454 D.
1652 2428 1686 2455 C.
1708 2428 1743 2456 F.
1763 2428 2067 2470 BA1LLARGEON,

719 2489 833 2518 EPUM
850 2488 1063 2527 TLOANUM,
1085 2487 1264 2516 ADMREM
1282 2488 1348 2516 ΑΡ.
1370 2488 1687 2522 ARCHIDIOEGESIS
1706 2488 1976 2528 QUEBECENSIB

629 2585 700 2634 De
733 2584 944 2633 Methodo
975 2585 1194 2632 servanda
1227 2587 1273 2632 in
1309 2586 1515 2634 electione
1539 2587 1858 2654 Episcoporum
1893 2592 2063 2641 Dioecea

990 2649 1106 2695 sium
1128 2647 1371 2696 Provincioe
1400 2650 1695 2705 QuebecensiS.

809 2766 942 2813 Illme
965 2775 1004 2813 et
1027 2765 1144 2813 Rme
1167 2736 1287 2824 Dne,

688 2853 816 2901 Cum
869 2852 942 2898 Te
991 2857 1203 2913 petente,
1249 2853 1295 2900 S.
1341 2854 1666 2916 Congregatio
1699 2857 1752 2906 in
1798 2859 2060 2912 Conventu
