2404 3464
555 444 615 489 42
948 455 1225 489 cononum
1251 452 1578 493 Qussnncmvsn

556 566 648 614 tas,
682 574 864 621 magna
900 575 1089 621 quoque
1124 565 1173 606 et
1209 558 1374 619 gravia
1410 562 1524 604 sunt
1564 555 1778 616 ipsorum
1817 555 1993 603 officia.

555 644 776 692 Audian't
832 644 978 706 igitur
1021 644 1125 691 haec
1171 642 1231 690 ad
1278 643 1411 704 ipsos
1455 640 1667 688 Concilii
1713 639 1994 688 Tridentini

555 728 744 775 monita
770 744 781 775 ε
813 734 842 755 “
864 727 1148 790 optandum
1174 732 1247 773 est
1271 732 1324 772 ut
1348 725 1382 771 ii
1407 724 1490 785 qui
1515 723 1791 785 episcopale
1817 723 1991 771 minis-

554 812 731 860 terium
758 813 1048 874 suscipiunt,
1071 825 1175 872 quae
1209 825 1307 857 suae
1347 809 1446 855 sint
1484 815 1642 870 partes
1681 814 1994 869 agnoscant3

555 911 614 942 nc
639 911 705 951 se,
731 912 829 943 non
853 895 911 942 ad
936 895 1118 957 propria
1143 892 1419 947 commoda,
1459 907 1559 938 non
1583 891 1644 938 ad
1668 890 1867 939 divitias
1904 897 1991 939 au‘t

556 982 746 1038 luxum,
791 981 873 1029 sed
918 981 978 1028 ad
1024 981 1212 1027 labores
1255 985 1303 1026 et
1348 976 1710 1025 sollicitudines
1766 994 1847 1039 pro
1900 975 1993 1025 Dei

556 1065 705 1127 gloria
723 1073 920 1113 vocatos
935 1081 1040 1112 esse
1057 1064 1353 1124 intelligant.
1387 1062 1490 1109 Nec
1508 1062 1641 1109 enim
1662 1060 1992 1110 dubitandum

556 1156 646 1205 est,
670 1156 717 1197 et
740 1149 909 1196 fideles
930 1149 1140 1209 reliquos
1164 1147 1223 1195 ad
1246 1147 1533 1208 religionem
1554 1147 1992 1207 innocentiamque

556 1235 749 1282 facilius
785 1233 1185 1288 inflammandos,
1221 1233 1263 1279 si
1302 1232 1581 1294 praepositos
1616 1248 1734 1279 suos
1774 1232 1994 1280 viderent

556 1334 654 1365 non
679 1335 734 1366 ea
759 1334 866 1379 quae
892 1318 1063 1365 mundi
1089 1324 1220 1372 sunt,
1254 1317 1341 1364 sed
1365 1318 1645 1365 animarum
1684 1317 1898 1365 salutern
1935 1332 1991 1365 ac

554 1403 804 1450 coelestem
847 1403 1054 1464 patriam
1092 1384 1384 1464 cogitantes.
1409 1404 1437 1426 ''
1485 1399 1649 1464 (Cone.
1704 1400 1830 1448 Trid.
1876 1400 1993 1449 Sess.

554 1483 711 1533 XXV.
739 1486 811 1533 De
834 1485 1032 1544 Reform.
1058 1505 1155 1550 cap.
1185 1486 1253 1545 1).

618 1573 869 1634 Episcopis
902 1582 1069 1621 autem
1107 1573 1325 1620 multum
1365 1573 1592 1635 equidem
1628 1578 1705 1621 est
1742 1572 1992 1621 attendere

554 1657 662 1713 sibi,
680 1660 818 1719 juxta
842 1658 972 1705 beati
1006 1658 1147 1706 Pauli
1184 1658 1243 1705 ad
1287 1658 1609 1706 Timotheum
1651 1659 1994 1715 monitionem,

554 1757 706 1802 eaque
742 1742 908 1789 omnia
949 1759 978 1790 a
1017 1759 1068 1789 se
1110 1758 1372 1799 removere,
1413 1742 1545 1790 unde
1583 1750 1690 1790 tam
1726 1748 1994 1804 augustum

555 1843 720 1874 eorum
745 1828 1077 1876 ministerium
1100 1829 1360 1890 vituperari
1384 1834 1564 1891 posset.
1600 1829 1838 1876 Atta->men
1859 1827 1995 1890 ipsis,

555 1918 720 1974 utpote
743 1914 1143 1975 speculatoribus,
1167 1914 1377 1962 minime
1393 1915 1635 1961 sufficeret
1654 1930 1723 1969 se,
1739 1928 1995 1973 moresque

558 2014 686 2053 suos,
726 2014 783 2045 ac
829 2004 984 2046 totam
1026 1999 1232 2047 domum
1278 2000 1346 2046 ita
1386 1998 1738 2061 composuisse,
1780 2005 1834 2046 ut
1879 1996 1996 2045 inde

557 2083 787 2130 omnibus
812 2084 1139 2131 venerationis
1163 2090 1211 2131 et
1235 2083 1579 2132 aedificationis
1603 2099 1755 2131 causa
1780 2082 1996 2130 oriretur.

559 2166 728 2213 Sciant
767 2167 913 2227 igitur
958 2183 1009 2214 se
1049 2168 1101 2214 in
1146 2168 1344 2215 excelso
1385 2168 1584 2230 positOS,
1628 2174 1685 2215 ut
1728 2166 1998 2229 vigilantiae

558 2264 740 2298 munus
764 2251 890 2312 quod
914 2252 1030 2313 ipsis
1055 2254 1298 2315 proprium
1322 2260 1410 2308 est,
1436 2260 1486 2301 et
1516 2252 1754 2301 Ecclesiae
1778 2252 1867 2299 Dei
1893 2258 1998 2300 tam

559 2336 907 2391 necessarium,
923 2337 1117 2384 facilius
1133 2336 1399 2399 adimplere
1416 2338 1628 2385 valeant.
1666 2338 1796 2384 Ante
1812 2336 1998 2392 omnia,

560 2434 674 2466 curn
711 2419 846 2475 fides,
884 2427 936 2468 ut
970 2422 1040 2469 ait
1078 2423 1363 2470 Concilium
1402 2421 1768 2479 Tridentinum,
1804 2422 1870 2469 sit
1909 2421 1999 2469 hu·

561 2519 722 2551 manae
767 2506 940 2553 salutis
994 2507 1194 2554 initium
1250 2507 1746 2569 fundamentumque,
1803 2507 1856 2554 in
1913 2507 2000 2555 itia

562 2587 824 2635 orthodoxa
847 2588 958 2644 fide,
981 2606 1132 2651 quam
1155 2592 1337 2640 Sancta
1360 2592 1587 2640 Ecclesia
1612 2592 1839 2640 Romana
1882 2593 1999 2639 colit

564 2677 611 2718 et
653 2671 810 2728 docet,
854 2674 1034 2722 tuenda
1082 2675 1492 2738 stabiliendaque,
1536 2677 1788 2724 constanti
1836 2675 2001 2723 studio

565 2755 836 2817 invigilent.
871 2757 934 2805 Et
957 2760 1071 2819 quia
1096 2775 1196 2807 non
1224 2760 1392 2808 minus
1416 2761 1468 2809 in
1492 2760 1605 2809 fidei
1631 2760 1825 2809 ruinam
1846 2761 2002 2822 vergit

565 2858 727 2891 crassa
771 2844 856 2892 illa
908 2846 1266 2909 culpabilisque
1322 2849 1682 2897 catholicarum
1735 2847 2000 2896 veritatum
