2396 3448
505 416 580 470 ‚38
923 429 1208 469 cononum,
1224 426 1561 467 annumerasse

518 531 687 579 offerre
713 547 726 589 ;
760 538 903 594 atque
926 548 1095 579 eorum
1117 532 1344 593 reliquias
1366 546 1476 577 esse
1505 527 1829 577 venerandas.

520 616 749 664 missime
773 632 953 672 assero,
976 616 1222 676 imagines
1247 615 1443 670 Christi,
1461 630 1517 661 ac
1537 613 1758 674 Deiparae
1777 628 1934 674 semp<

522 699 745 761 virginis,
790 715 986 749 necnon
1031 699 1239 746 aliorum
1290 699 1575 745 Sanctorum
1620 695 1873 743 habendas
1917 703 1969 743 et

521 782 804 830 retinendas
848 800 974 839 esse,
1019 789 1163 843 atque
1208 783 1282 829 eis
1336 781 1559 831 debitum
1616 781 1851 828 honorem
1906 796 1967 829 ac

523 869 891 916 venerationem
918 868 1310 930 impertiendam.
1359 867 1788 927 Indulgentiarum
1814 866 1969 916 etiam

519 960 810 1015 potestatem
849 970 879 1001 a
918 952 1108 1000 Christo
1145 953 1199 1000 in
1241 952 1468 1000 Ecclesia
1512 951 1739 999 relictam
1784 951 1968 1009 fuisse3

520 1039 814 1100 illarumque
850 1055 997 1086 usum
1037 1038 1321 1086 Christiano
1356 1037 1530 1099 populo
1571 1037 1793 1085 maxime
1833 1038 1966 1085 salu-

523 1131 677 1171 tarem
702 1141 807 1170 esse
832 1124 1027 1171 affirmo.
1093 1124 1336 1177 Sanctam,
1369 1121 1697 1177 Catholicam,
1720 1128 1772 1169 et
1814 1123 1969 1183 Apos-

521 1207 725 1255 tolicam
749 1207 1026 1254 Romanam
1053 1205 1350 1261 Ecclesiam,
1375 1205 1604 1253 omnium
1629 1205 1968 1253 Ecclesiarum

521 1297 730 1339 matrem
748 1298 795 1338 et
815 1291 1105 1353 magistram
1119 1306 1357 1352 agnosc03
1382 1290 1703 1351 Romanoque
1720 1290 1968 1347 Pontifici,

521 1375 654 1422 beati
709 1376 836 1422 Petri
892 1375 1236 1436 Apostolorum
1292 1374 1529 1435 Principis
1574 1375 1862 1430 successori,
1908 1391 1968 1424 ac

521 1461 636 1507 Jesu
662 1460 846 1507 Christi
870 1460 1066 1507 Vicario
1088 1476 1255 1507 veram
1280 1459 1616 1508 obedientiam
1656 1460 1875 1522 spondeo
1908 1477 1968 1509 ac

515 1546 633 1604 J'uro.
703 1545 887 1590 Caetera
935 1544 1057 1590 item
1101 1544 1271 1591 omnia
1315 1560 1343 1591 a
1389 1544 1543 1592 sacris
1588 1545 1875 1592 Canonibus
1917 1551 1971 1593 et

523 1628 862 1676 OEcumenicis
910 1627 1158 1683 Conciliis,
1208 1645 1269 1676 ac
1303 1629 1542 1691 praecipue
1587 1646 1616 1677 a
1654 1635 1970 1678 sacrosancta

522 1714 817 1762 Tridentina
864 1714 1066 1777 Synodo
1109 1715 1304 1773 tradita,
1348 1716 1568 1773 definita,
1612 1722 1661 1764 et
1706 1715 1970 1773 declarat-a,

520 1800 854 1848 indubitanter
874 1802 1055 1863 recipio
1087 1809 1235 1863 atque
1273 1802 1531 1864 profiteor3
1565 1802 1811 1863 simulque
1851 1818 1969 1852 con-

520 1885 662 1932 traria
685 1886 866 1941 omnia,
890 1892 1036 1947 atque
1059 1885 1269 1934 haereses
1292 1902 1627 1947 quascumque
1651 1887 1715 1934 ab
1739 1886 1970 1935 Ecclesia

523 1968 804 2026 damnatas,
829 1976 875 2017 et
893 1971 1111 2031 rejectas,
1134 1978 1184 2019 et
1203 1972 1666 2026 anathematizatas,
1683 1988 1776 2033 ego
1795 1972 1972 2033 pariter

523 2053 721 2109 damno,
744 2056 922 2117 rejicio,
946 2063 995 2103 et
1019 2057 1402 2105 anathematizo.
1438 2057 1577 2104 Hanc
1596 2072 1763 2105 veram
1789 2057 1970 2105 Catho-

524 2139 677 2186 licam
701 2139 865 2195 fidem,
889 2147 1024 2188 extra
1060 2158 1209 2202 quam
1251 2158 1399 2191 nemo
1437 2142 1606 2188 salvus
1644 2157 1756 2189 esse
1796 2148 1970 2203 potest,

525 2240 676 2284 quam
701 2225 751 2272 in
777 2226 1002 2287 praesenti
1027 2233 1198 2288 sponte
1222 2227 1455 2288 profiteor,
1478 2235 1527 2274 et
1550 2227 1787 2274 veraciter
1810 2233 1971 2284 teneo,

524 2309 744 2356 eamdem
770 2310 1013 2372 integram
1039 2318 1086 2359 et
1104 2312 1415 2365 inviolatam,
1435 2327 1589 2372 usque
1608 2310 1669 2358 ad
1689 2317 1969 2359 extremum

519 2394 633 2442 vitae
658 2396 894 2457 spiritum,
919 2399 1320 2446 constantissime
1350 2397 1476 2458 (Deo
1521 2397 1811 2458 adjuvante)
1857 2398 1969 2445 reti-

523 2495 636 2527 nere
679 2488 726 2528 et
765 2483 1007 2539 confiteri,
1051 2490 1194 2545 atque
1230 2500 1261 2533 a
1300 2484 1427 2532 meis
1467 2482 1694 2539 subditis,
1735 2483 1812 2529 vel
1851 2482 1968 2539 illis,

522 2581 728 2626 quorum
753 2583 867 2613 cura
892 2567 950 2613 ad
977 2583 1056 2614 me
1080 2569 1131 2615 in
1157 2584 1360 2615 munere
1386 2583 1497 2614 mco
1518 2568 1771 2629 spectabit,
1796 2568 1968 2622 teneri,

520 2648 694 2705 doceri,
719 2657 766 2697 et
791 2651 1054 2712 praedicari,
1077 2660 1312 2713 quantum
1354 2652 1405 2699 in
1433 2668 1505 2699 me
1544 2651 1645 2707 erit,
1668 2658 1967 2700 curaturum.

523 2734 628 2794 Ego
653 2735 782 2782 idem
808 2736 866 2782 N.
892 2736 1116 2797 spondeo,
1141 2754 1311 2793 voveo,
1344 2754 1401 2784 ac
1431 2740 1552 2798 juro.
1619 2739 1699 2786 Sic
1726 2754 1805 2786 me
1830 2739 1967 2785 Deus

521 2816 731 2880 adjuvet,
755 2826 803 2866 et
828 2819 929 2867 haec
955 2827 1125 2869 sancta
1151 2822 1246 2868 Dei
1274 2821 1555 2883 Evangelia.
