2304 3368
803 633 994 695 INDEX
1046 634 1126 694 ET
1181 634 1337 694 ORDO
1392 633 1617 693 RERUM

1101 825 1315 853 *μη-«μ.-

486 1001 638 1034 Emeum
664 1002 927 1035 Convocarrome
957 1000 1105 1033 Conermr
1111 1022 1822 1033 ....................................................
1868 1003 1889 1031 3

486 1078 1396 1109 ΑοτΔ.........
1869 1077 1888 1105 6

1023 1296 1383 1331 ΒΕΟΒΕΤΑ

483 1402 660 1434 Decretum
703 1401 729 1432 Ι.
752 1400 800 1433 De
815 1399 994 1442 aperienda
1006 1398 1140 1441 Synodo
1147 1419 1818 1430 ...............................................
1865 1401 1904 1429 Si

483 1465 658 1497 Decretum
684 1464 726 1497 11.
749 1464 795 1498 De
811 1464 910 1496 modo
925 1463 1060 1496 vivendi
1075 1463 1110 1494 in
1125 1462 1275 1495 Concilio
1282 1484 1817 1494 .......................................
1864 1464 1905 1494 32

482 1528 658 1561 Decretum
672 1528 731 1561 111.
753 1528 800 1560 De
814 1528 1016 1569 professione
1031 1526 1110 1559 fidei
1125 1545 1818 1558 ..................................................
1865 1529 1905 1558 35

481 1591 600 1623 Forma
610 1590 790 1632 juramenti
797 1611 1815 1623 ..........................................................................
1842 1590 1913 1622 ibid.

481 1655 657 1688 Decretum
693 1654 750 1687 IV.
792 1654 966 1687 Renovane
1002 1657 1037 1686 et
1072 1653 1268 1686 confirmans
1304 1652 1442 1685 Decreta
1485 1653 1625 1685 duorum
1672 1654 1820 1695 priorum

607 1720 832 1753 Conciliorum
836 1739 1819 1751 .....................................................................
1864 1721 1907 1750 39

484 1785 660 1817 Decretum
674 1783 715 1817 V.
758 1783 806 1816 De
829 1783 1052 1825 postulatione
1082 1792 1102 1814 a
1129 1782 1165 1815 S.
1186 1781 1272 1814 Sede
1301 1787 1409 1814 certae
1432 1782 1578 1814 methodi
1607 1782 1642 1813 in
1663 1782 1826 1814 electione

608 1849 844 1891 Episcopornm
855 1848 1036 1881 servandae
1041 1867 1680 1879 ...............................................
1704 1872 1708 1877 .
1714 1867 1816 1878 ........
1842 1847 1914 1878 ibid.

485 1913 661 1945 Decretum
675 1912 733 1945 VI.
756 1912 805 1944 Β·
827 1911 1612 1944 Errsoome.............................................
1868 1912 1907 1940 40

485 1977 594 2019 Oeput
615 1977 640 2008 Ι.
656 1976 704 2009 De
721 1975 881 2018 dignitate
896 1978 931 2007 et
945 1974 1144 2007 auctoritate
1158 1972 1394 2014 Epiecoporum
1401 1993 1830 2003 ..............................
1855 1971 1927 2002 ibid.

482 2042 590 2082 Caput
601 2041 643 2074 11.
656 2040 704 2072 De
716 2039 952 2080 Episcoporum
964 2038 1187 2070 officiis........
1295 2058 1303 2067 .
1315 2058 1324 2068 .
1334 2058 1342 2068 .
1354 2058 1363 2068 .
1866 2037 1904 2066 41

483 2105 659 2136 Decretum
673 2104 745 2136 vn.
768 2103 815 2136 De
844 2102 1072 2135 functionibus
1101 2110 1182 2142 quae
1211 2099 1347 2141 parochi
1377 2099 1476 2131 unius
1505 2099 1657 2130 dioecesis
1687 2102 1825 2140 possunt

608 2177 760 2201 exercere
774 2168 808 2201 In
823 2168 971 2209 proxima
985 2166 1394 2199 dioeoeei..................
1867 2167 1908 2195 50

482 2233 657 2265 Decretum
672 2232 760 2265 vm.
784 2232 831 2264 De
847 2231 991 2264 clericali
1006 2230 1124 2262 habitu
1143 2230 1176 2261 in
1191 2228 1328 2261 Oenada
1345 2227 1513 2269 Superiori
1516 2249 1819 2259 ......................
1866 2230 1903 2259 51

483 2296 658 2329 Decretum
673 2296 730 2328 IX.
753 2295 799 2328 De
814 2295 913 2327 modo
927 2293 1121 2336 providendi
1135 2292 1387 2325 necessitatibus
1413 2291 1646 2332 temporalibus
1663 2291 1819 2323 ecclesia-

608 2370 692 2402 rum,
707 2360 978 2400 sacerdotumque
994 2357 1223 2392 sustentationi
1238 2357 1273 2388 in
1289 2356 1422 2389 Canada
1436 2355 1604 2396 Superiori
1618 2377 1814 2388 ...............
1840 2357 1912 2389 ibid.

482 2426 657 2459 Decretum
685 2425 727 2458 X.
750 2424 873 2458 Contra
886 2432 1011 2456 errores
1026 2422 1116 2455 hisce
1130 2421 1330 2463 temporibus
1352 2420 1474 2461 ubique
1490 2423 1657 2460 serpentes
1663 2441 1820 2451 ............
1867 2423 1908 2452 52

483 2491 656 2523 Decretum
672 2489 729 2521 XI.
752 2488 799 2521 De
826 2487 998 2520 devotione
1024 2487 1160 2518 Patrmn
1185 2484 1338 2525 Ooncilii‚
1364 2483 1451 2516 Oleri
1477 2483 1614 2516 secundi
1641 2484 1766 2516 ordinis
1790 2488 1822 2516 et

606 2556 721 2598 populi
746 2554 928 2587 Provincioe
943 2551 1162 2592 Quebecensie
1177 2559 1258 2591 erga
1280 2549 1314 2582 S.
1330 2549 1520 2582 Pontificem
1542 2547 1638 2580 Pium
1654 2548 1700 2580 IX
1706 2571 1820 2581 .........
1867 2551 1908 2581 53

482 2621 658 2653 Decretum
692 2619 765 2651 ΧΠ.
787 2618 834 2651 De
849 2617 1073 2650 Univereitate
1088 2614 1275 2647 Lavellensi
1292 2635 1504 2646 ................
1509 2638 1511 2642 ,
1523 2634 1819 2645 ......................
1866 2615 1906 2644 54

482 2685 659 2717 Decretum
673 2683 763 2716 xm.
786 2682 834 2715 De
848 2681 1072 2724 publicatione
1091 2680 1300 2712 Decretorum
1315 2678 1413 2719 hujus
1430 2677 1568 2710 Concilii
1584 2677 1821 2709 Provincialie..
1865 2679 1904 2708 55

484 2749 658 2782 Decretum
673 2747 760 2781 XIV.
783 2747 829 2780 De
845 2745 1109 2788 promulgatione
1124 2744 1258 2777 testium
1273 2742 1489 2783 synodalium
1496 2762 1818 2773 ........................
1866 2742 1907 2771 56
