2372 3400
0 2442 47 2476 la

0 2594 46 2643 le

0 2689 47 2732 nt

999 383 1335 417 Pnovmcmm
1360 384 1435 417 ιιι.
1881 372 1943 419 25

559 485 605 530 2.
638 483 720 531 An
780 499 990 534 censura
1040 485 1271 549 adjuncta
1322 492 1400 536 est
1453 486 1688 535 omnibus
1740 488 1941 536 casibus

497 569 699 618 Summo
722 570 953 619 Pontifici
973 574 1231 622 reservatis
1251 573 1273 621 ’ἔ

559 665 603 710 3.
637 664 722 712 An
744 664 912 714 existit
934 667 1194 716 reservatio
1217 672 1328 716 cum
1352 667 1490 716 nulla
1512 673 1586 715 est
1609 682 1813 717 censura
1833 668 1853 715 ἲ

560 760 604 805 4.
636 760 719 806 Αιι
742 764 937 808 tenetur
957 776 1196 810 recurrere
1220 762 1433 811 Romam
1455 777 1539 826 per
1575 762 1838 825 epistolam
1876 762 1940 811 ad

495 842 820 892 obtinendam
844 845 1204 895 absolutionem
1226 862 1437 895 casuum
1459 854 1832 904 reservatorum,
1855 848 1941 909 qui

495 926 709 989 ipsemet
730 944 789 975 eo
811 928 878 977 ire
897 945 997 978 non
1019 937 1178 992 potest
1196 929 1219 977 ’ἔ

560 1012 759 1074 Legitur
772 1018 820 1061 et
836 1013 1101 1062 discutitur
1113 1013 1333 1062 secunda
1345 1014 1517 1063 relatio
1531 1013 1940 1076 congregationis

494 1096 556 1145 de
572 1097 811 1160 Liturgia,
825 1115 969 1162 super
984 1100 1250 1147 missarum
1262 1098 1673 1155 retributionibus,
1686 1104 1734 1146 et
1744 1098 1940 1161 juribus

495 1182 794 1240 casualibus»,
816 1183 1085 1245 praesertim
1104 1198 1187 1246 pro
1209 1182 1417 1230 vicariis,

559 1266 763 1328 Legitur
775 1273 823 1316 et
841 1268 1095 1316 discutitur
1107 1267 1325 1316 secunda
1339 1268 1510 1316 relatio
1524 1267 1939 1330 Congregationis

494 1350 556 1400 de
580 1352 882 1415 Disciplina:
917 1354 991 1402 De
1007 1353 1188 1402 mediis
1210 1352 1534 1417 proponendis
1552 1352 1615 1400 ad
1639 1352 1938 1415 augendum,

491 1436 856 1499 fovendumque
870 1438 1096 1500 quaedam
1113 1454 1255 1500 opera
1269 1438 1365 1501 pia,
1379 1452 1424 1485 v.
1446 1453 1508 1499 g„
1525 1438 1936 1500 Propagationem

493 1519 649 1578 Fidei,
671 1537 942 1584 pauperum
959 1523 1313 1579 levamentum,
1335 1521 1398 1571 ad
1416 1520 1776 1570 stimulandum
1793 1536 1938 1569 sanc-

493 1606 643 1654 tuarii
687 1606 996 1656 alumnorum
1034 1607 1196 1655 zelum
1232 1621 1317 1669 pro
1354 1606 1556 1655 remotis
1597 1606 1937 1662 missionibus,

494 1690 561 1740 ad
598 1691 891 1740 coercendos
920 1707 1072 1754 vagos
1111 1691 1403 1753 otiososque‚
1429 1691 1515 1752 qui
1549 1691 1729 1753 saepius
1762 1705 1938 1738 secum

492 1776 690 1825 trahunt
710 1777 849 1835 vitia,
883 1782 1151 1839 caeteraque
1173 1776 1461 1839 huJusmodi,
1500 1775 1562 1825 ad
1596 1774 1936 1838 depravandos

493 1878 654 1910 mores
676 1860 870 1910 idonea.
965 1855 967 1857 ¹

556 1947 691 1995 Hora
734 1947 921 2008 quinta,
963 1946 1180 1995 oratione
1212 1951 1423 2008 peracta,
1466 1943 1703 1994 recedunt
1734 1958 1929 1992 omnes.

828 2118 1070 2166 Undecima
1096 2118 1399 2182 congregatio
1418 2118 1609 2181 privata.

557 2259 700 2307 Feria
758 2265 931 2321 quarta
983 2257 1111 2306 infra
1164 2257 1407 2305 Octavam
1461 2254 1800 2310 Ascensionis,
1855 2251 1935 2301 die

492 2345 740 2407 vigesima
780 2345 922 2401 Maii,
964 2344 1082 2393 hora
1125 2358 1257 2391 nona
1310 2357 1428 2390 cum
1483 2340 1769 2403 quadrante,
1823 2344 1934 2402 post

492 2430 703 2479 missam
758 2431 1030 2478 solemnem
1073 2428 1367 2477 celebratam
1401 2427 1519 2475 hora
1564 2425 1778 2488 septima
1821 2439 1936 2472 cum

492 2514 702 2563 dimidia
743 2514 797 2563 in
835 2515 1063 2563 Ecclesia
1101 2514 1394 2569 Cathedrali,
1430 2514 1488 2560 ab
1527 2511 1669 2560 Illmo
1708 2527 1767 2559 ac
1807 2510 1935 2558 Rmo

492 2599 920 2656 Administratore,
962 2615 1044 2662 pro
1097 2598 1342 2647 defunctis
1397 2596 1621 2645 omnibus
1675 2595 1936 2658 Episcopis

493 2684 767 2733 Provinciae
819 2684 1183 2734 Ecclesiasticae
1228 2683 1579 2741 Que‘becensis,
1628 2681 1936 2731 conveniunt

494 2770 677 2818 Patres.
