2396 3448
631 415 692 462 84
1025 425 1298 459 cononum
1324 424 1649 463 annuncient:

693 532 751 579 In
776 530 1033 580 sententiis
1078 545 1188 575 vero
1237 527 1473 582 dicendis,
1532 527 1694 575 nullus
1748 525 1928 575 audeat
1982 534 2069 577 aut

631 615 916 663 immodicis
942 614 1096 662 verbis
1122 621 1424 674 perstrepere,
1448 618 1533 659 aut
1568 612 1861 660 tumultibus
1887 622 2067 674 pertur-

630 699 759 754 bare,
785 700 992 747 variisve
1018 705 1064 745 et
1102 696 1358 743 obstinatis
1393 694 1832 756 disceptationibus
1868 705 2065 744 conten-

628 783 739 833 dere
764 800 776 842 3
810 784 894 831 sed
919 798 1089 830 omnes
1114 781 1171 828 ad
1195 780 1399 841 gloriam
1428 780 1515 826 Dei
1541 787 1588 827 et
1607 781 1890 828 animarum
1915 782 2066 830 saluti

627 870 774 917 unice
798 868 1147 929 conspirantes,
1170 881 1283 912 curn
1313 864 1552 911 modestia
1578 871 1625 912 et
1648 866 1807 913 animi
1844 866 2065 923 lenitate,

629 960 762 1015 prout
785 953 990 1013 Spiritus
1017 952 1225 997 Sanctus
1258 947 1388 994 dabit
1427 948 1604 1009 eloqui,
1645 955 1927 1010 opportune,
1967 964 2064 995 ser·

627 1043 740 1085 vato
762 1035 945 1090 ordine,
967 1032 1200 1096 proferant
1238 1031 1510 1092 opiniones,
1549 1031 1599 1078 in
1636 1032 1917 1080 actionibus
1956 1040 2064 1081 tam

626 1121 825 1182 privatis
879 1134 1025 1180 quam
1067 1116 1276 1178 publicis
1301 1133 1312 1170 3
1368 1132 1426 1162 ac
1463 1117 1532 1163 ita
1568 1116 1805 1178 quidquid
1851 1117 2063 1166 dixerint

628 1205 736 1252 miti
755 1204 1004 1250 verborum
1028 1201 1292 1262 prolatione
1312 1207 1597 1261 temperent,
1619 1208 1670 1248 ut
1693 1218 1782 1249 nec
1801 1201 2061 1250 audientes

626 1289 945 1342 offendantur,
971 1303 1061 1334 uec
1089 1297 1215 1333 rectu
1233 1285 1406 1348 judicii
1430 1286 1564 1333 acies
1587 1288 1864 1348 perturbato
1888 1289 2059 1336 animo

624 1375 876 1423 inflectatu
885 1389 916 1420 r.

682 1515 886 1574 Insuper
911 1512 1011 1572 ipsa
1035 1508 1261 1571 Synodus
1285 1508 1504 1557 decernit
1526 1526 1584 1557 ac
1608 1508 1840 1567 declarat,
1860 1511 1988 1572 quod
2014 1512 2058 1560 si

620 1597 737 1645 forte
781 1596 1039 1656 contigerit
1079 1595 1267 1654 aliquos
1305 1593 1470 1642 debito
1509 1594 1562 1642 in
1597 1595 1704 1642 loeo
1739 1611 1838 1642 non
1876 1597 2059 1654 sedere,

618 1682 720 1729 sive
745 1681 794 1728 in
828 1679 1160 1733 Sessionibus,
1196 1678 1299 1726 sive
1333 1679 1383 1726 iu
1408 1679 1901 1740 congregationibuS,
1929 1681 2055 1729 nulli

617 1775 863 1829 propterea
907 1763 1242 1826 praejudicium
1285 1770 1555 1824 generetur,
1601 1764 1823 1826 nullique
1869 1781 2056 1814 novum

612 1853 694 1913 jus
718 1852 987 1912 acquiratur
1023 1850 1185 1912 (Cone.
1220 1848 1345 1895 Trid.
1376 1854 1445 1897 16.
1472 1850 1544 1907 2).
1611 1850 1666 1898 In
1705 1852 2056 1914 qualicumque

617 1940 745 1985 enim
771 1937 934 1984 ordine
958 1937 1162 1997 quisque
1185 1943 1463 1998 compareat
1499 1943 1547 1983 et
1571 1936 1755 1991 sedeat,
1788 1938 1897 1998 jura
1922 1939 2055 1986 illius

619 2023 750 2069 salva
777 2038 883 2068 esse
913 2022 1007 2067 vult
1033 2019 1271 2081 Synodus.

680 2173 894 2219 Demum
915 2170 1151 2218 universis
1167 2170 1265 2231 qui,
1286 2173 1381 2229 jure
1396 2172 1576 2227 vocati,
1589 2171 1648 2219 ad
1667 2171 1758 2219 hoc
1775 2173 2054 2222 Concilium

618 2255 918 2303 Provinciale
971 2261 1321 2310 convenerunt,
1378 2255 1428 2302 in
1487 2256 1659 2303 virtute
1715 2264 1899 2304 sanctae
1942 2259 2055 2305 obe-

617 2342 813 2388 dientiae
869 2340 1099 2401 praecipit,
1155 2355 1215 2387 ne
1273 2348 1544 2401 antequam:
1597 2341 1861 2389 dimissum
1897 2344 2056 2401 fuerit,

618 2425 864 2473 discedere
889 2431 1191 2486 praesumant‚
1233 2425 1328 2471 nisi
1354 2426 1416 2471 ob
1458 2427 1796 2473 rationabilem
1835 2444 2055 2484 causam,

618 2512 944 2571 facultateque
970 2510 1119 2572 petita
1143 2517 1189 2557 et
1214 2510 1412 2558 obtenta
1438 2527 1466 2557 a
1492 2512 1750 2568 Patribus3
1784 2520 1832 2560 et
1857 2513 2058 2575 insuper

617 2613 699 2645 eos
723 2611 890 2643 omnes
914 2595 1130 2643 hortatur
1154 2603 1203 2644 ut
1238 2595 1468 2644 diurnum
1506 2597 1702 2645 vivendi
1728 2598 1964 2654 ordinem,
2002 2600 2051 2647 in

616 2682 770 2744 prima
797 2680 1183 2740 Congregatioue
1208 2682 1425 2741 generali
1449 2683 1812 2744 promulgatum
1832 2690 1878 2732 et
1903 2691 2053 2732 statu-

617 2772 739 2822 tum,
762 2764 969 2811 fideliter
992 2774 1308 2826 exequantur.
