2420 3496
662 462 721 508 48
1059 473 1337 506 concrum
1363 469 1692 511 qunnosnsn

660 568 1007 630 Magistrorum
1066 573 1252 615 statum
1310 572 1359 614 et
1414 564 1764 618 conditionem,
1817 560 2097 621 adimatur3

662 667 865 699 ornnem
909 667 1077 698 curam
1123 649 1410 713 impendent
1464 648 1691 711 Episcopi
1750 648 1803 695 in
1854 647 2098 708 eligendis

663 736 950 784 OEconomis
978 734 1166 782 idoneis
1201 735 1297 796 qui,
1337 734 1429 781 sub
1462 732 1749 781 auctoritate
1770 732 2097 795 Super-iorum,

664 819 909 868 indefessa
924 818 1194 879 diligentia,
1215 818 1463 880 impensas
1476 816 1689 877 dirigant
1704 822 1753 863 et
1770 815 2095 865 moderentur.

728 905 963 952 Praeterea
1006 903 1248 965 Episcopi,
1286 901 1530 964 adjunctis
1577 902 1670 950 sibi
1712 903 1825 950 viris
1867 903 2097 965 probatis,

664 995 712 1036 et
733 988 827 1037 hac
852 989 900 1035 iu
924 1003 972 1035 re
1009 988 1305 1049 experientia
1344 986 1573 1049 praeditis‚
1612 987 1875 1049 quotannis
1917 988 2097 1036 seriam

665 1072 939 1120 reddituum
956 1088 1013 1119 ac
1025 1071 1356 1133 impensarum
1374 1071 1614 1119 rationem
1629 1072 1842 1133 exigent.
1869 1073 2099 1120 Statuent

665 1157 812 1204 etiarn
839 1171 959 1217 quae,
985 1155 1034 1203 in
1057 1170 1245 1202 annum
1270 1155 1493 1211 alterum,
1519 1156 1926 1212 constructioneS,
1962 1172 2097 1219 repa-

665 1243 969 1301 rationesque
1006 1246 1088 1287 aut
1125 1240 1475 1302 acquisitiones
1500 1241 1684 1302 suscipi
1709 1248 1970 1303 poterunt;
2004 1257 2098 1291 nec

664 1327 734 1374 eis
758 1342 973 1386 unquam
999 1326 1326 1380 consentient,
1350 1342 1457 1387 quae
1484 1326 1710 1383 nimiam,
1734 1327 1784 1375 id
1823 1333 1913 1385 est,
1954 1344 2096 1376 exce·

663 1409 857 1457 dentem
882 1415 1142 1456 consuetas
1175 1407 1415 1457 dictorum
1466 1410 1852 1459 Seminariorum
1891 1412 2097 1460 faculta-

661 1499 747 1548 tes,
772 1493 1049 1554 impensam
1072 1493 1337 1553 exigerent.

722 1577 852 1624 Hinc
897 1577 1063 1624 nullus
1107 1577 1329 1639 Superior
1371 1583 1456 1625 aut
1495 1576 1801 1626 OEconomus
1840 1579 2099 1627 arbitretur

661 1678 765 1710 sese
789 1677 943 1723 posse,
968 1661 1150 1708 ratione
1174 1661 1321 1709 officii
1341 1661 1433 1717 sui,
1456 1662 1507 1709 in
1534 1661 1722 1710 incerta
1762 1664 1973 1725 negotia,
2009 1669 2098 1712 aut

661 1762 756 1794 non
780 1744 1038 1807 approbata
1066 1744 1328 1793 immittere
1355 1761 1367 1803 ;
1400 1761 1531 1801 cum,
1564 1746 1613 1793 in
1651 1746 1746 1794 hac
1784 1754 1934 1809 parte,
1969 1748 2097 1796 nihil

660 1834 866 1894 alicujits
910 1833 1151 1879 momenti
1196 1832 1372 1894 incoepi
1416 1832 1605 1889 debeat,
1641 1833 1826 1895 absque
1867 1850 2097 1896 expresso

661 1916 882 1979 Episcopi
908 1932 1170 1970 consensu,
1193 1919 1332 1979 cujus
1355 1922 1443 1972 est,
1467 1916 1709 1964 consultis
1746 1917 1936 1965 eisdem
1977 1918 2095 1967 viris

662 2002 869 2064 probatis
891 2007 938 2047 et
979 2001 1157 2062 peritis,
1190 2017 1298 2062 quae
1334 2001 1608 2063 peragenda
1649 2002 1750 2050 sint
1791 2008 2004 2050 statuere
2046 2009 2097 2051 et

662 2085 1000 2134 determinare.

721 2183 971 2234 Praeterea,
994 2195 1105 2226 cum
1146 2179 1265 2227 nihil
1307 2180 1371 2227 sit
1405 2178 1533 2241 quod
1575 2180 1736 2242 magis
1774 2180 1991 2229 conferat
2030 2181 2096 2230 ad

659 2263 1058 2317 conservandam,
1102 2264 1480 2325 augendamque
1535 2264 1662 2312 inter
1715 2264 1932 2327 populos,
1981 2267 2095 2314 vitae

658 2350 935 2398 christianae
959 2348 1215 2404 rationem,
1238 2365 1388 2411 quam
1412 2349 1491 2411 pia
1532 2365 1790 2411 puerorum
1831 2349 2094 2409 educutio3

660 2436 876 2497 nihilque
899 2451 925 2481 e
944 2442 1107 2482 contra
1140 2435 1409 2497 promptius
1426 2442 1472 2482 et
1495 2435 1654 2496 magis
1678 2434 1912 2482 radicitus
1941 2435 2095 2484 fidem

658 2523 886 2575 destruat,
941 2536 1098 2567 mores
1152 2513 1443 2581 corrumpat,
1498 2521 1666 2580 sicque
1725 2520 1975 2568 societatis
2042 2526 2093 2568 et

655 2606 853 2654 farniliae
875 2605 1070 2651 vincula
1097 2603 1385 2665 disrumpat,
1408 2619 1558 2665 quam
1582 2603 1865 2651 eorumdem
1890 2603 2092 2651 indisci-

656 2692 840 2753 plinata
873 2695 921 2735 et
967 2687 1227 2750 irreligiosa
1265 2688 1526 2742 institutio,
1566 2688 1794 2750 Episcopi
1832 2687 1949 2736 huic
1984 2694 2093 2737 tam

655 2774 788 2836 gravi
846 2772 1101 2834 pastoralis
1167 2771 1516 2821 sollicitudinis
1580 2772 1742 2820 officio
1805 2779 2093 2822 constanter

657 2858 937 2908 incumbere
993 2857 1235 2906 studeant.
1302 2859 1615 2920 Quapropter,
1672 2858 1862 2907 sedulo·
1898 2859 2090 2908 curabit

2382 588 2420 875 0:³22:

2387 1000 2420 1045 si

2388 1098 2420 1144 P

2387 1183 2420 1230 8

2388 1269 2420 1316 Ρ

2388 1337 2417 1386 d

2387 1423 2420 1472 b

2387 1526 2416 1558 e
