2388 3416
571 394 631 440 58
963 407 1240 441 cononum
1267 406 1598 447 Qunnncnnsn

570 510 778 559 rendum
864 511 1079 559 AEneam
1152 511 1470 567 McDonnell‚
1543 509 1690 559 dictae
1766 510 2012 560 Dioecesis

570 593 822 643 vicarium
847 595 1156 650 Generalem,
1194 600 1245 642 et
1267 593 1614 643 Reverendum
1653 593 1709 642 D.
1734 595 2011 645 olivarium

561 678 735 742 Kelly,
752 679 1021 741 parochum
1042 694 1073 726 a
1097 679 1179 726 Sto
1201 678 1343 726 Petro
1365 679 1523 741 vulgo·
1545 677 1882 743 Peterborougk.

634 765 726 812 Pro
770 764 986 812 Dioecesi
1026 763 1317 821 Torontim,
1350 763 1641 813 Admodum
1670 765 2013 814 Reverendum

573 850 818 897 Joannem
858 848 1043 905 Walsh,
1082 847 1224 896 dictae
1246 848 1483 897 Dioecesis
1506 848 1763 898 Vicarium
1795 850 2010 899 Genera»

575 938 691 994 lem,
750 943 798 985 et
841 935 1184 985 Reverendum
1240 938 1300 984 D.
1352 937 1623 999 Georgium
1667 937 2021 1000 Northgraves,

578 1021 900 1070 Secretarium
922 1021 1344 1069 Reverendissimi
1364 1021 1635 1070 Antistitis.

1089 1284 1369 1319 DEORETUM
1403 1285 1485 1318 XV·

579 1454 651 1503 De
675 1456 940 1503 invocatione
962 1462 1003 1502 et
1036 1456 1308 1564 veneqrtione
1330 1454 1605 1565 Ιιῗεαὶἰεείηιω
1628 1453 1789 1502 Marioe
1819 1453 2018 1519 Wrginis

1164 1535 1338 1565 mmacu
1357 1526 1455 1566 aloe.

641 1691 758 1748 Nos,
802 1691 1148 1754 Apostolorum
1193 1689 1404 1738 docendi
1448 1696 1496 1739 et
1539 1689 1777 1753 pascendi
1820 1705 2021 1753 gregem

580 1776 671 1825 Dei
692 1777 912 1825 muneris
933 1775 1162 1832 haeredes,
1185 1777 1286 1838 qui,
1308 1775 1446 1824 hisce
1468 1776 1659 1832 diebus,
1681 1775 1751 1825 ad¹
1766 1775 2020 1826 illumina-

579 1861 766 1909 tionem
820 1862 989 1910 Sancti
1059 1862 1265 1923 Spiritus
1328 1860 1673 1924 accipiendam
1738 1860 2021 1920 coadunati,

581 1952 942 2007 perseverantes
963 1946 1150 1994 fuimus
1172 1946 1224 1994 in
1259 1946 1476 1995 oratione
1510 1961 1633 1994 cum
1668 1946 1827 1994 Maria
1862 1945 2021 1994 Matre

583 2030 716 2085 Jesu,
740 2031 854 2093 ipsa
875 2030 1205 2078 intercedente
1238 2047 1321 2094 pro
1360 2031 1503 2079 nobis
1541 2031 1597 2078 in
1636 2031 1778 2086 coel·0,
1817 2028 1938 2078 dum
1971 2030 2026 2077 in

584 2121 707 2164 terra
749 2116 1153 2178 supplicaremus,
1208 2131 1342 2163 nunc
1397 2115 1460 2164 ab
1502 2115 1725 2163 invicem
1770 2115 2026 2173 secessuri,

584 2197 702 2246 huic
725 2199 921 2260 Synodo
941 2198 1076 2248 haud
1099 2199 1253 2247 finem
1272 2199 1589 2261 imponemus
1607 2199 1728 2261 quin
1745 2199 2027 2247 reverentiae

586 2287 635 2329 et
683 2283 806 2344 grati
861 2282 1154 2344 obsequium
1209 2282 1366 2331 animi
1419 2287 1705 2345 praestemus
1752 2282 1899 2330 Matri
1943 2282 2028 2330 Sa-

588 2367 783 2428 pientiae
820 2382 926 2428 quae
963 2367 1155 2414 habitat
1176 2368 1230 2414 in
1254 2366 1477 2422 consiliu,
1513 2372 1563 2414 et
1592 2365 1796 2415 eruditis
1824 2365 2027 2415 interest

588 2451 981 2512 cogitationibus.
1048 2449 1124 2498 Ad
1177 2450 1314 2498 illius
1372 2451 1581 2512 gloriam
1639 2450 1731 2498 hoc
1776 2450 2029 2498 offerimus

589 2535 870 2591 Decretum,
908 2533 1088 2583 exinde
1111 2540 1361 2597 sperantes
1385 2552 1416 2583 a
1438 2535 1561 2583 coelo
1585 2535 2028 2592 confirmationem,

590 2624 639 2666 et
661 2619 868 2667 aliarum
907 2619 1226 2667 sanctionum
1260 2625 1534 2668 nostrarum
1562 2619 1759 2668 felicem
1782 2619 2030 2669 executio·

592 2718 723 2751 nem.
786 2703 1102 2752 Confidenter
1122 2703 1441 2767 deprecamur
1461 2705 1725 2766 gloriosam
1758 2704 2029 2766 Virginem,

593 2803 699 2849 quae
740 2795 946 2838 cunctas
1001 2789 1213 2838 haereses
1257 2789 1362 2839 sola
1404 2790 1655 2839 interemit
1700 2790 1757 2839 in
1802 2789 2031 2838 universo
