2332 3336
457 350 514 396 14
862 360 1146 396 cenoman
1171 358 1502 400 Qunnnonnsn

516 466 649 514 Hora
687 465 881 514 decima
918 480 1037 513 curn
1072 460 1227 513 tribus
1264 461 1633 525 quadrantibus,
1672 464 1893 513 oratione

455 549 604 607 dicta,
637 550 872 599 recedunt
894 550 1079 598 Patres.

1013 664 1161 713 Sessio
1178 664 1342 735 prima.

514 762 607 811 Die
631 761 825 811 decima
847 766 1018 823 quarta
1041 759 1166 807 Maii
1203 758 1425 821 ejusdem
1464 760 1602 825 anni,
1641 759 1896 809 incidente

452 848 504 897 in
539 848 664 896 festo
702 846 1037 901 AscensioniS,
1075 860 1212 893 anno
1251 842 1576 893 l‘ontificatus
1613 845 1756 892 SSmi
1793 845 1897 894 Dni

454 934 619 982 Nostri
662 932 736 980 Pii
779 931 963 979 Divina
1010 927 1327 977 Providentia
1381 929 1527 992 Papae
1582 930 1653 977 IX
1698 928 1897 977 decimo

452 1028 642 1074 octavo,
666 1032 810 1064 mane
832 1015 949 1062 hora
974 1029 1119 1071 nona,
1143 1013 1450 1062 conveniunt
1467 1015 1637 1062 Patre-s
1653 1014 1708 1062 in
1724 1015 1898 1077 majori

453 1103 569 1152 aula
622 1099 1064 1162 Archiepiscopalis
1100 1099 1295 1156 Palatii,
1337 1104 1541 1161 excepto
1576 1105 1747 1147 tamen
1776 1099 1897 1147 Rmo

452 1185 557 1233 DD.
592 1182 976 1232 Trifluvianensi
1000 1182 1118 1244 Epo,
1151 1180 1448 1230 valetudinis
1482 1197 1671 1238 causa3
1709 1180 1898 1231 adsunt

452 1285 639 1333 quoque
661 1270 935 1330 Deputatus
958 1283 989 1314 a
1013 1266 1244 1329 Capitulo
1272 1266 1735 1331 MarianopolitanO,
1759 1267 1896 1315 theo-

450 1353 547 1415 logi
570 1369 628 1401 ac
650 1352 882 1400 officiales
905 1352 1136 1409 Concilii,
1172 1352 1416 1414 multique
1439 1352 1529 1401 alii
1553 1352 1847 1402 sacerdotes.

513 1449 804 1497 Coordinata
822 1448 1146 1511 processione,
1165 1465 1194 1496 a
1212 1449 1404 1497 Palatio
1427 1464 1600 1498 omnes
1622 1436 1824 1506 exeunfi
1845 1456 1896 1499 et

451 1534 512 1582 ob
534 1533 659 1582 aeris
672 1532 1039 1603 intemperiem,
1071 1549 1159 1596 per
1195 1533 1333 1581 viam
1357 1533 1598 1596 privatam
1621 1533 1897 1595 procedunt

451 1619 509 1668 ad
527 1618 811 1667 Ecclesiam
830 1618 1275 1680 Metropolitanam,
1295 1616 1470 1667 eodem
1489 1618 1637 1666 modo
1656 1623 1707 1666 et
1724 1618 1894 1668 ordine

452 1722 508 1754 ac
544 1705 598 1752 in
631 1704 788 1767 prima
811 1703 1026 1751 sessione
1054 1703 1201 1765 primi
1238 1703 1467 1761 Concilii,
1503 1703 1650 1751 Illmo
1684 1719 1742 1751 ac
1766 1704 1894 1752 Rmo

452 1787 874 1842 Administratore,
911 1786 1201 1847 caeterisque
1222 1785 1363 1833 Rmis
1385 1786 1517 1849 Epis,
1549 1787 1757 1849 pluviali
1789 1788 1894 1836 albi

451 1873 625 1920 coloris
667 1886 724 1918 ac
769 1870 928 1927 mitra,
979 1869 1187 1932 aliisque
1230 1870 1463 1920 omnibus
1519 1871 1742 1920 vestibus
1795 1872 1895 1921 sibi

452 1954 859 2017 competentibus,
882 1953 1086 2002 indutis.

514 2051 797 2099 Ecclesiam
811 2050 1035 2112 ingressi,
1053 2050 1169 2098 Rmi
1186 2050 1398 2099 Concilii
1417 2052 1587 2099 Patres
1603 2058 1813 2115 pergunt
1830 2052 1894 2102 ad

451 2135 732 2190 faldistoria,
750 2150 811 2182 ex
836 2140 1037 2196 utraque
1060 2141 1196 2198 parte
1220 2135 1356 2183 chori
1379 2135 1630 2199 disposita,
1653 2144 1704 2186 et
1728 2138 1894 2187 caeteri

452 2219 725 2269 ascendunt
750 2218 811 2267 ad
836 2220 1022 2268 stallos.

515 2306 669 2352 Missa
693 2305 927 2352 solemnis
951 2304 1013 2352 de
1036 2305 1177 2361 sesto,
1200 2322 1317 2354 cum
1337 2308 1807 2356 commemoratione
1830 2307 1893 2357 de

453 2391 631 2454 Spiritu
676 2390 873 2446 Sanctn,
908 2390 972 2438 ab
1018 2391 1164 2438 Illmo
1198 2408 1255 2439 ac
1300 2392 1427 2440 Rmo
1475 2393 1891 2442 Administratore

452 2477 734 2531 celebratur,
757 2491 850 2537 qua
870 2475 1028 2531 finita,
1045 2482 1311 2525 cantantur
1326 2478 1522 2539 psalmi,
1541 2478 1728 2528 litaniae
1749 2495 1892 2528 sanc-

452 2568 628 2615 torum,
651 2560 1006 2621 orationesque,
1030 2567 1080 2609 ut
1112 2562 1168 2609 in
1206 2562 1485 2611 Pontificali
1507 2563 1732 2611 Romano
1757 2564 1893 2613 inve·

436 2630 668 2711 'niuntun
701 2643 856 2690 anus
880 2642 1288 2693 Trifluvianensis
1313 2646 1447 2713 Epus
1480 2646 1544 2695 ad
1567 2647 1738 2696 sedem
1763 2648 1892 2697 venit

456 2734 561 2774 ante
577 2716 880 2774 concionem.
907 2727 1210 2777 Concionem
1224 2729 1397 2779 habuit
1410 2729 1471 2779 ad
1487 2714 1892 2795 populumRmus

456 2813 562 2861 DD.
587 2811 904 2860 Ottawiensis
928 2812 1076 2874 Epus.
