2312 3368
37 474 155 519 adhi-

31 548 78 583 ut
106 555 158 583 eo·

2 621 74 648 um
104 620 155 647 ea

6 670 160 713 animis

0 741 163 793 igustae

0 814 157 855 rgmem

0 865 159 907 fecibus

0 931 164 973 dentiae

1 1002 17 1038 t
50 997 161 1036 inco-

0 1076 22 1103 e
78 1061 163 1102 sint

0 1126 162 1182 [igionis

0 1192 162 1233 olicum

0 1256 164 1298 rtunius

0 1321 167 1364 ellanda

0 1385 171 1428 ustodes·

2 1527 168 1569 aloru-m

13 1593 170 1635 vellent

6 1657 168 1701 clande-

0 1724 168 1766 foedere

5 1788 174 1831 violatis

0 1859 142 1897 'ertant
162 1867 177 1906 ·‚

0 1938 1 1943 ¹
23 1935 96 1963 vos
125 1933 177 1962 ex

1 1986 25 2008 ’³
83 1985 177 2027 Hos

0 2052 177 2094 ,romines

7 2118 181 2159 inclina-

0 2197 97 2224 nem
136 2186 180 2223 et

0 2247 182 2304 uperiori

0 2329 20 2356 a
72 2317 181 2362 sunt,

23 2385 182 2421 metum

10 2444 185 2485 medum

0 2525 21 2552 e
53 2508 187 2551 divini

0 2590 35 2617 ie
72 2579 191 2631 patet

14 2638 193 2695 glorien-

0 2706 107 2746 vitac
145 2701 199 2745 ac

0 2785 32 2812 n
45 2770 200 2812 animis

1053 382 1322 416 Arnumx.
1844 371 1904 416 99

469 483 686 526 hominum
724 484 1011 526 admirationis
1047 498 1212 527 sensam
1244 484 1491 528 catholicam
1522 498 1622 540 erga
1649 484 1906 541 religionem,

469 563 580 605 quae
600 549 769 604 quidem
788 549 830 590 in
851 550 1036 591 omnium
1055 550 1229 591 incurrit
1247 551 1387 592 oculos
1405 555 1624 605 tamquam
1650 550 1724 591 lux
1743 551 1851 592 solis.

522 614 624 657 Non
669 615 869 670 exiguum
905 614 984 658 hoc
1020 621 1081 657 est
1118 616 1287 668 bonum,
1326 615 1600 658 Venerabiles
1636 614 1816 667 Fratres,
1867 621 1909 657 et

469 680 644 736 quidam
682 681 804 736 quasi
840 681 894 722 ad
936 681 1153 722 veritatem
1188 694 1436 736 progressus,
1484 681 1556 722 sed
1592 685 1733 722 tamen
1768 680 1907 722 multa

469 746 609 789 adhuc
646 752 756 799 sunt,
805 760 912 801 quae
949 761 974 788 a
1009 747 1184 789 veritate
1219 747 1344 802 plane
1381 746 1636 801 assequenda
1674 746 1909 787 absterrent

467 810 656 853 homines
675 818 715 853 et
734 817 1006 853 remorantur.

522 875 630 917 Sunt
675 875 886 918 enimvero
931 875 1132 931 plerique,
1180 876 1251 930 qui
1296 876 1419 917 rebus
1464 874 1642 930 publicis
1679 875 1910 916 tractandis

468 943 693 998 praepositi
721 943 905 984 fautores
935 957 978 985 se
1009 943 1232 998 religionis,
1273 948 1314 984 et
1348 942 1574 984 adsertores
1606 943 1760 995 dicant,
1792 942 1909 984 illam

468 1008 665 1050 laudibus
720 1007 927 1059 attollant,
974 1008 1266 1062 humanaeque
1312 1007 1499 1049 societati
1545 1020 1673 1062 quam
1727 1007 1910 1049 maxime

469 1074 828 1117 accommodatam
866 1079 991 1128 atque
1026 1073 1173 1115 utilem
1208 1073 1477 1128 praedicent;
1512 1072 1782 1114 nihilominus
1819 1072 1909 1128 ejus

469 1139 675 1181 moderari
694 1138 956 1194 disciplinam
977 1139 1134 1190 volunt,
1155 1151 1288 1179 sacros
1303 1137 1511 1178 ministros
1525 1151 1680 1192 regere,
1698 1151 1908 1179 sacrorum

468 1207 806 1262 procurationem
826 1207 1041 1261 attingere,
1074 1219 1159 1246 uno
1177 1205 1306 1246 verbo
1326 1204 1458 1246 civilis
1477 1204 1588 1245 intra
1607 1209 1739 1246 status
1756 1204 1910 1246 limites

469 1284 656 1313 coercere
680 1270 873 1312 nituntur
902 1270 1144 1322 Ecclesiam,
1165 1270 1284 1324 eique
1312 1269 1529 1321 dominari,
1550 1282 1657 1323 quae
1676 1274 1816 1310 tamen
1845 1269 1909 1310 sui

462 1335 569 1392 juris
588 1340 660 1387 est,
681 1335 908 1389 divinoque
927 1335 1095 1376 consilio
1115 1333 1269 1375 nullius
1299 1333 1465 1388 imperii
1498 1333 1683 1374 terminis
1701 1334 1890 1375 eontiner

468 1401 608 1453 debet,
630 1401 699 1441 sed
721 1401 775 1442 ad
793 1399 964 1441 ultimas
995 1404 1128 1441 terras
1157 1398 1390 1454 propagari,
1424 1412 1650 1453 omnesque
1681 1399 1906 1454 complecti

467 1469 612 1521 gentes
631 1470 672 1506 et
691 1465 896 1517 nationes,
929 1471 978 1506 ut
996 1464 1269 1519 sempiternae
1287 1464 1370 1504 illis
1387 1463 1598 1505 beatitatis
1616 1464 1695 1505 iter
1713 1464 1905 1519 designet

467 1531 675 1586 expediat.
732 1530 788 1572 Et
806 1529 911 1585 proh
931 1530 1048 1571 dolor
1067 1530 1077 1571 1
1123 1529 1238 1571 Dum
1257 1528 1361 1571 haec
1379 1528 1604 1583 loquimur,
1632 1527 1907 1571 Venerabiles

466 1596 644 1648 Fratres,
675 1596 719 1636 in
739 1595 972 1650 Subalpina
992 1594 1148 1635 ditione
1167 1593 1376 1648 proposita
1395 1592 1464 1634 lex
1484 1598 1557 1645 est,
1590 1606 1673 1647 qua
1693 1593 1905 1648 regularia

466 1668 508 1705 et
528 1661 806 1704 ecclesiastica
823 1660 1014 1701 instituta
1033 1660 1084 1701 de
1103 1658 1239 1700 medio
1259 1658 1475 1710 tolluntur,
1507 1662 1548 1699 et
1566 1657 1774 1699 Ecclesiae
1805 1658 1905 1713 jura

465 1728 590 1784 plane
609 1725 917 1777 conculcantur,
939 1730 1074 1779 atque,
1100 1724 1133 1764 si
1154 1722 1242 1764 fieri
1261 1727 1408 1777 potest,
1428 1721 1629 1763 delentur.
1660 1721 1740 1763 Sed
1761 1727 1904 1763 tamen

466 1793 518 1835 de
536 1806 581 1833 re
600 1797 687 1833 tam
707 1789 827 1845 gravi
845 1789 924 1831 hoc
943 1789 1031 1844 ipso
1049 1790 1094 1830 in
1113 1788 1203 1830 loco
1233 1788 1335 1830 alias
1362 1801 1545 1842 agemus.
1602 1786 1776 1829 Utinam
1806 1801 1905 1829 vero

466 1859 540 1915 qui
558 1856 743 1899 libertati
764 1855 969 1897 obsistunt
987 1854 1213 1896 catholicae
1231 1853 1440 1909 religionis
1460 1858 1690 1907 agnoscant
1717 1853 1902 1909 aliquan-

466 1925 520 1966 do
551 1927 809 1977 quantopere
840 1919 1032 1975 publicae
1059 1919 1119 1961 rei
1151 1919 1259 1960 bono
1296 1918 1386 1973 ipsa
1424 1917 1644 1969 conducat,
1683 1930 1790 1971 quae
1825 1931 1901 1959 sua

466 1989 617 2043 cuique
655 1987 812 2029 civium
848 1985 1107 2027 observanda
1142 1984 1349 2039 proponit,
1387 1987 1428 2023 et
1463 1981 1646 2023 inculcat
1678 1981 1813 2023 officia
1851 1996 1902 2024 ex

465 2053 634 2096 caelesti
679 2064 806 2107 quam
854 2050 1014 2105 accepit
1059 2048 1247 2092 doctrina
1267 2061 1278 2100 ;
1336 2047 1495 2089 utinam
1532 2047 1778 2101 persuadere
1823 2047 1902 2089 sibi

465 2118 636 2161 tandem
655 2117 786 2158 velint
805 2116 916 2170 quod
937 2115 1036 2156 olim
1054 2114 1209 2156 Zenoni
1227 2112 1469 2168 imperatori
1497 2112 1705 2154 scribebat
1724 2111 1902 2154 Sanctus

466 2184 587 2226 Felix
607 2183 850 2225 Praecessor
869 2180 1023 2223 Noster
1038 2183 1062 2204 ‘⁶
1083 2179 1190 2221 nihil
1208 2193 1293 2221 esse
1312 2178 1456 2220 utilius
1470 2177 1750 2232 Principibus,
1770 2191 1898 2232 quam

466 2253 490 2274 ‘⁸
511 2249 646 2292 sinere
663 2248 893 2290 Ecclesiam
915 2247 977 2288 uti
996 2246 1160 2302 legibus
1178 2245 1273 2296 suis,
1293 2243 1372 2286 hoc
1388 2244 1498 2284 enim
1510 2243 1593 2284 illis
1606 2256 1693 2284 esse
1703 2242 1897 2296 salutare,

466 2317 491 2340 “
512 2319 560 2356 ut
574 2328 670 2356 cum
685 2315 737 2356 de
747 2313 882 2356 causis
897 2312 978 2354 Dei
993 2312 1146 2367 agitur,
1166 2311 1323 2366 regiam
1338 2309 1595 2351 voluntatem
1610 2308 1902 2350 Sacerdotibus

466 2383 491 2404 ‘⁶
512 2379 669 2422 Christi
687 2379 882 2421 studeant
901 2377 1092 2429 subdere,
1114 2389 1198 2418 non
1217 2375 1435 2431 praeferre.
1457 2372 1482 2394 ’'

518 2455 626 2498 Sunt
643 2461 868 2510 praeterea,
889 2452 1163 2496 Venerabiles
1182 2451 1360 2504 Fratres,
1379 2450 1459 2492 viri
1477 2449 1648 2505 quidam
1669 2451 1900 2493 eruditione

466 2527 720 2577 praestantes
749 2520 822 2576 qui
852 2520 1093 2574 religionem
1121 2531 1272 2558 munus
1303 2529 1388 2558 esse
1419 2516 1603 2557 fatentur
1634 2515 1758 2569 longe
1787 2529 1900 2571 prae-

464 2586 766 2629 stantissimum
786 2599 810 2627 a
828 2585 921 2627 Deo
939 2584 1177 2626 hominibus
1195 2583 1352 2635 datum,
1371 2581 1598 2622 humanam
1632 2579 1899 2623 nihilominus

465 2651 670 2693 rationem
690 2655 806 2692 tanto
824 2649 979 2692 habent
1010 2649 1053 2690 in
1083 2648 1229 2704 pretio,
1261 2652 1475 2702 tantopere
1507 2645 1723 2697 extollunt,
1754 2650 1803 2687 ut
1832 2645 1900 2688 vel

465 2717 543 2773 ipsi
588 2716 782 2772 religioni
819 2715 1176 2770 aequiparandam
1223 2712 1460 2756 stultissime
1492 2715 1649 2765 putent.
1706 2709 1820 2753 Hinc
1848 2724 1900 2753 ex

466 2794 576 2823 vana
621 2781 806 2836 ipsorum
852 2780 1045 2836 opinione
1078 2777 1342 2834 theologicae
1375 2775 1617 2831 disciplinae
1646 2776 1818 2831 perinde
1850 2790 1899 2819 ac
