2320 3352
0 450 111 499 stris

15 535 110 585 hac

0 619 110 668 dni:

0 720 113 753 ausa

2 789 113 837 ibus

0 873 115 921 :cris

0 964 110 1007 »stra

0 1043 112 1091 ioris

0 1128 113 1189 agiis

0 1219 114 1261 item

0 1312 113 1345 »me-

0 1397 115 1430 sam

0 1567 117 1611 ictor

0 1652 115 1697 [tem

0 1731 114 1779 sario

0 1831 113 1864 con-

6 1901 112 1949 tho-

0 1990 113 2033 ntes

0 2069 108 2135 5)·ᾶὶ-

4 2154 111 2203 risti

0 2240 112 2296 lant,

27 2339 111 2372 am

8 2409 112 2472 pori

12 2495 112 2543 titit

13 2596 111 2629 ano

32 2668 111 2716 nis

10 2754 110 2804 rbis

966 369 1298 406 monacum
1325 372 1401 407 111.
1745 403 1752 407 .
1841 362 1903 409 95

468 472 759 532 excitandis,
782 463 1110 524 et'terroribus
1132 466 1535 533 disseminandis,
1572 476 1623 524 id
1661 470 1901 541 praecipue

470 550 749 617 studebant,
776 586 778 589 ·
806 550 889 609 ut¹
922 549 1108 610 ceteros
1158 551 1382 612 Pastores
1426 579 1456 611 a
1506 564 1663 626 primo
1706 565 1903 614 Pastore

470 646 805 709 disgregarent
821 644 843 692 ’ἔ
877 634 945 694 Et
954 632 1118 695 simile
1132 646 1368 708 quiddam
1386 648 1591 695 unitatis
1607 648 1903 697 mira-,ulum

471 730 683 780 dicenda
705 736 783 779 est
802 731 1047 779 connexio
1068 731 1252 787 isthaee,
1291 719 1388 794 oua
1410 747 1584 780 omnes
1623 746 1724 780 non
1745 721 1908 781 ⁴modo

472 804 590 863 cum
614 802 775 877 capite
798 819 977 870 nostro,
1000 801 1086 862 sed
1124 821 1175 863 et
1196 801 1466 863 Vobiscum
1500 815 1719 863 invicem
1753 817 1908 865 conti-

472 888 667 956 nemur,
718 906 954 961 quotquot
1007 900 1153 962 positi
1202 887 1375 948 sumus
1420 916 1450 948 a
1492 890 1675 963 Spiritu
1725 902 1907 949 Sancto

478 980 722 1046 Episcopi,
744 997 908 1044 regere
931 983 1205 1031 Ecclesiam
1239 984 1346 1031 Dei.
1434 985 1436 988 ’
1518 973 1521 977 ’

536 1069 640 1116 Vos
674 1074 859 1124 autem,
899 1068 1034 1115 Illmi
1072 1083 1131 1116 ac
1169 1068 1284 1115 Rmi
1321 1066 1537 1124 Domini,-
1575 1067 1706 1116 hanc
1744 1068 1905 1131 ipsam

475 1156 721 1203 unitatem
773 1153 1060 1202 testimonio
1102 1153 1316 1215 quodam
1357 1152 1688 1216 splendidiori,
1732 1154 1906 1203 litteris

476 1238 664 1286 Vestris
717 1237 1080 1285 demonstratis.
1146 1236 1246 1293 Qui
1286 1236 1424 1284 enim
1464 1236 1621 1298 ignoti
1663 1236 1907 1295 homines,

474 1329 615 1371 tanta
656 1321 875 1370 locorum
917 1321 1200 1369 diversitate
1243 1321 1466 1384 separati,
1509 1321 1646 1369 nullo
1687 1322 1908 1372 humano

475 1423 570 1456 usu
624 1406 895 1454 Vobiscum
952 1404 1218 1467 conjuncti,
1272 1420 1581 1453 commovere
1635 1403 1735 1453 Vos
1787 1405 1909 1455 adeo

476 1491 760 1541 calamitate
776 1496 941 1538 nostra
955 1496 1250 1552 poteramus,
1268 1483 1365 1538 nisi
1379 1487 1625 1551 quoddam
1639 1503 1907 1539 commune

474 1577 735 1625 vinculum
756 1575 1093 1632 intercederet,
1116 1574 1246 1637 quod
1267 1575 1400 1637 ipsos
1415 1576 1609 1637 spiritus
1623 1575 1909 1635 devinciret,

476 1678 569 1710 nec
609 1660 881 1709 devinciret
925 1659 1084 1717 modo,
1129 1659 1216 1708 sed
1254 1660 1307 1708 in
1345 1675 1500 1707 unam
1542 1660 1903 1722 quodammodo

479 1748 705 1796 animam
729 1744 998 1794 conflaret'!
1033 1745 1113 1794 Sic
1127 1746 1263 1793 enim
1278 1745 1469 1794 dolores
1483 1752 1673 1794 nostros
1691 1749 1901 1807 sentitis,

478 1848 571 1881 ceu
593 1833 637 1880 si
660 1836 826 1879 essent
850 1830 1026 1887 Vestri,
1065 1831 1137 1879 sic
1160 1836 1365 1879 'causam
1393 1838 1608 1879 nostram
1644 1833 1911 1895 suscipitis,

478 1932 569 1964 ceu
593 1915 636 1963 si
658 1930 748 1977 pro
764 1914 938 1961 Vestra
960 1914 1257 1962 laboraretis.

542 2002 844 2062 Quapropter
857 1998 1081 2047 dolemus
1095 1998 1295 2060 quidem
1309 2014 1391 2061 pro
1404 1998 1639 2047 Ecclesiae
1656 2002 1913 2061 angustiis,

478 2085 706 2133 dolemus
750 2083 971 2131 maxime
1026 2082 1155 2145 quod
1210 2083 1264 2131 in
1306 2084 1399 2131 hoc
1445 2083 1597 2145 impio
1638 2083 1768 2132 bello
1816 2101 1914 2135 non

478 2170 692 2218 minima
732 2168 1022 2230 pusillorum
1067 2167 1332 2216 tntiltitudo
1375 2169 1439 2216 ab
1471 2169 1699 2218 instituta
1741 2172 1915 2220 salutis

479 2255 559 2302 via
612 2253 907 2309 exturbetur,
960 2269 1121 2315 neque
1170 2260 1339 2302 tamen
1390 2269 1493 2309 nos,
1547 2260 1634 2302 aut
1685 2256 1915 2317 periculis

479 2337 736 2400 vigilantia
776 2352 1040 2395 occurrere,
1080 2343 1165 2385 aut
1203 2337 1358 2385 ruinis
1396 2343 1661 2399 opportuno
1697 2340 1917 2389 subsidio

480 2423 666 2472 mederi
688 2422 950 2484 possimus.
1014 2422 1213 2479 Verum,
1236 2423 1364 2483 quod
1384 2438 1474 2470 nos
1492 2430 1694 2485 spectat,
1717 2425 1760 2473 si
1778 2427 1916 2487 quid-

481 2524 633 2571 quam
686 2508 821 2570 passi
876 2523 1066 2563 sumus,
1119 2514 1169 2555 et
1222 2508 1450 2570 patimur,
1499 2508 1602 2555 sive
1655 2507 1916 2560 hominum

481 2594 702 2657 injurias,
742 2594 846 2641 sive
883 2594 1121 2642 bonorum
1154 2592 1465 2657 direptiones,
1502 2592 1606 2640 sive
1644 2594 1847 2643 exilium
1888 2613 1919 2645 a

480 2680 649 2742 patria,
706 2677 753 2726 id
795 2694 943 2726 omne
987 2678 1183 2726 Divinae
1228 2677 1396 2740 gratiae
1447 2676 1666 2739 praesidio
1713 2678 1920 2729 libenter

482 2764 763 2821 toleramus,
802 2768 858 2811 ut
896 2768 1062 2825 pateat
1097 2763 1147 2811 in
1182 2761 1325 2810 nobis
1350 2760 1503 2808 virtus
1542 2760 1739 2818 Christi,
1778 2771 1827 2812 et
1863 2765 1916 2813 in
