2324 3416
458 375 488 420 4
855 385 1133 418 concrmmu
1169 382 1498 424 QUEBECENSE

456 494 567 552 post
590 489 830 536 Octavam
854 487 1055 535 Paschae
1081 485 1460 534 Resurrectionis
1494 483 1695 531 Domini
1731 482 1892 531 Nostri

457 576 578 622 Jesu
602 574 797 629 Christi,
820 589 908 621 seu
931 573 1027 620 alio
1061 571 1378 619 commodiori
1402 578 1630 632 tempore,
1654 586 1736 631 pro
1760 585 1891 617 more

455 658 739 722 provinciae,
759 673 855 704 non
871 656 1236 719 praetermittant
1251 655 1493 717 synodum
1511 653 1562 701 in
1579 638 1668 700 sua
1684 653 1892 715 quisque

456 741 706 805 provincia
731 756 915 801 eogere,
939 755 1032 801 quo
1058 738 1285 801 Episcopi
1309 753 1498 793 omneS,
1521 745 1569 784 et
1588 737 1687 792 alii,
1710 738 1809 798 qui,
1833 736 1893 785 de

449 828 570 888 jure,
615 824 690 872 vel
728 822 1099 880 consuetudine,
1135 822 1366 870 interesse
1406 821 1602 878 debent,
1637 822 1893 869 convenire

457 909 658 957 omnino
701 913 955 955 teneantur
987 907 1139 967 (Sess.
1163 905 1347 965 XXIV)
1374 921 1386 962 ;
1420 920 1634 966 cumque
1672 905 1890 953 Sanctis-

458 996 616 1044 simus
635 992 869 1040 Dominus
907 992 1083 1040 Noster
1115 992 1245 1048 Pius,
1283 992 1411 1053 Papa
1449 990 1532 1047 lx,
1568 999 1893 1053 opportunum

451 1076 741 1140 Judicavrerit
783 1076 924 1123 nobis
972 1074 1255 1131 concedere,
1310 1091 1392 1137 per
1446 1075 1757 1136 Rescriptum
1814 1075 1893 1123 die

460 1165 517 1210 15
541 1161 677 1207 Junii
705 1162 822 1207 1862
846 1159 1034 1214 datum,
1057 1159 1341 1207 facultatem
1378 1159 1660 1206 Concilium
1695 1160 1893 1207 Provin-

456 1245 582 1294 ciale
607 1245 802 1292 statutis
824 1260 852 1291 a
879 1244 985 1305 jure
1009 1244 1310 1305 temporibus
1344 1243 1610 1298 indicendi,
1634 1243 1893 1305 eidemque
1931 1296 1934 1301 ,

455 1327 764 1392 praesidcndi,
787 1344 843 1375 eo
867 1328 964 1375 fine
985 1334 1050 1384 ut,
1076 1327 1125 1375 in
1145 1328 1236 1376 hac
1255 1334 1404 1390 parte,
1423 1327 1551 1375 sicut
1569 1334 1619 1376 et
1638 1329 1689 1375 in
1708 1328 1894 1377 caeteris

455 1412 703 1468 omnibus,
747 1411 1161 1459 Reverendissimi
1204 1411 1572 1474 Archi'episcopi
1606 1411 1895 1473 aegritudine

454 1495 755 1559 perdurante,
778 1495 913 1542 vices
936 1498 1039 1557 ejus
1063 1495 1266 1557 implere
1291 1511 1546 1558 possemus
1568 1511 1582 1553 ;

520 1580 637 1635 Nos,
661 1585 900 1640 quantum
918 1578 970 1626 in
989 1579 1132 1626 nobis
1146 1585 1233 1636 est,
1252 1579 1411 1627 officio
1430 1585 1593 1627 nostro
1611 1579 1896 1627 satisfacere

457 1664 694 1720 volentes,
711 1664 848 1725 juxta
873 1671 1095 1712 mentem
1128 1663 1345 1725 eiusdem
1386 1664 1706 1712 Sanctissimi
1740 1663 1896 1712 Patris

458 1751 626 1798 Nostri
681 1750 837 1812 Papae,
890 1751 1106 1813 expetita
1160 1752 1291 1812 prius
1354 1750 1896 1800 Reverendissimorum

461 1837 685 1884 Fratrum
701 1834 929 1883 Nostroru
937 1852 986 1883 m
1007 1836 1354 1898 Episcoporum
1369 1836 1628 1891 sententia,
1644 1851 1691 1882 re
1710 1842 1898 1885 mature

462 1935 713 1983 perpensa,
758 1926 902 1980 atque
948 1936 1084 1967 sacro
1139 1920 1232 1967 Dei
1288 1921 1482 1967 nomine
1538 1920 1781 1976 invocatO,
1836 1919 1898 1968 ad

465 2006 699 2065 majorem
744 2003 834 2049 Dei
879 2003 1101 2064 gloriam,
1145 2009 1194 2051 et
1249 2004 1517 2052 utilitatem
1561 2004 1899 2052 Ecclesiarum

466 2087 617 2135 totius
650 2086 921 2134 Provinciae
958 2087 1314 2144 Quebecensis‚
1344 2086 1704 2135 Provincialem
1741 2087 1899 2149 Syno-

468 2172 589 2219 dum
631 2171 684 2218 in
728 2170 951 2218 Ecclesia
994 2172 1368 2232 Metropolitana
1411 2171 1724 2227 Quebecensi
1774 2172 1900 2219 cele-

467 2256 705 2304 brandam
730 2254 941 2303 indicere
964 2263 1009 2304 ct
1029 2272 1299 2304 convocare
1322 2255 1643 2311 decrevimus,
1663 2256 1900 2317 illamque

469 2342 521 2390 in
544 2341 676 2389 dicta
694 2341 934 2397 Ecclesia,
957 2341 1017 2388 ad
1041 2340 1174 2389 diem
1197 2341 1444 2389 decimam
1468 2348 1689 2402 quartam
1715 2342 1901 2390 mensis

471 2427 595 2474 Maii
627 2427 878 2489 praesentis
917 2427 1053 2483 anni,
1093 2428 1142 2474 in
1184 2427 1309 2474 festo
1345 2427 1665 2474 Ascensionis
1700 2428 1903 2475 Domini

471 2510 824 2573 incipiendam,
838 2526 896 2558 ac
911 2517 1077 2572 postea
1094 2525 1243 2571 usque
1258 2510 1320 2557 ad
1335 2510 1486 2558 finem
1500 2510 1904 2571 prosequendam,

474 2611 556 2658 per
578 2601 838 2658 praesentes
862 2594 1126 2643 indicimus
1148 2602 1293 2657 atque
1317 2610 1665 2664 convocamus.

537 2678 870 2735 Quamobrem
893 2678 1342 2726 Reverendissimos
1372 2678 1424 2725 in
1447 2677 1639 2726 Christo
1662 2694 1721 2726 ac
1744 2679 1904 2727 Vene-

475 2761 653 2810 rabiles
706 2762 896 2809 Fratres
966 2760 1469 2823 Marianopolitanum,
1529 2761 1905 2818 Ottawiensem,

345 3317 436 3326 ..ιι-ἒν
473 3318 475 3320 v

2131 1053 2133 1075 -
2130 970 2134 1041 v*
2129 436 2138 955 -m—m2-m—
