2420 3496
579 455 641 499 52
977 466 1253 500 cononum
1276 466 1606 538 Qumnscnnsn

580 569 752 618 fideles
775 569 1056 632 hujusmodi
1082 569 1370 617 necessariis
1389 568 1616 631 expensis
1634 574 1802 631 praesto
1820 585 2011 631 semper

581 658 713 715 sint3
736 657 864 719 quod
897 673 994 719 quo
1032 657 1216 718 aequius
1253 656 1541 711 obtineatur,
1572 661 1621 703 et
1660 661 1715 702 ut
1753 671 1899 702 nemo
1922 672 2010 703 suo

581 742 776 789 muneri
820 741 960 797 desit,
1005 757 1085 803 pro
1135 756 1304 788 norma
1360 745 1582 787 sumatur
1633 739 1871 809 elenchus
1925 740 2009 787 ille

582 825 914 887 municipalis,
932 815 1359 886 ‘vulgo'asse'ssment
1381 817 1465 870 roll
1486 822 1661 879 dictus,
1686 813 1769 885 qui
1789 818 1844 871 in
1867 824 2011 872 rebus

584 913 830 968 civilibus,-
853 913 947 960 ista
970 912 1033 959 in
1044 912 1252 973 regione,
1276 911 1330 958 in
1353 927 1443 959 usu
1478 905 1652 967 est‚⁴ad
1693 902 2011 960 statuendum

584 1004 825 1059 quantum
848 997 1050 1058 quisque
1073 992 1156 1059 p'ro
1178 1002 1278 1044 rata
1313 994 1401 1044 sua
1423 1002 1573 1059 parte,
1611 996 1674 1044 ad
1713 998 1831 1045 talia
1870 984 2031 1059 opera³

584 1080 909 1143 exsequenda,
932 1081 1144 1129 conferre
1168 1087 1401 1128 teneatur.
1609 1090 1612 1092 ’
1679 1087 1682 1090 ’
1985 1089 1987 1091 “
2035 1074 2037 1076 ’

1106 1268 1384 1300 unctu-:TUM
1418 1267 1469 1300 X·

710 1383 873 1428 Contra
891 1398 1053 1428 errores
1076 1381 1190 1428 hisce
1208 1381 1463 1445 temporibus
1487 1380 1639 1450 ubique
1656 1390 1888 1445 serpente-3.

645 1502 774 1547 Cum
798 1501 1031 1546 Summus
1055 1499 1280 1547 Pontifex
1304 1505 1480 1556 noster,
1504 1515 1652 1561 quem
1684 1500 1819 1548 Deus
1841 1500 1896 1548 in
1920 1516 2014 1549 sua

582 1585 821 1633 ineflabili
876 1584 1185 1631 Providentia
1253 1584 1427 1646 posuit,
1482 1590 1550 1641 ut,
1622 1585 1675 1632 in
1728 1580 1822 1633 hac
1879 1579 2016 1634 tanta

582 1678 857 1732 temporum
881 1670 1157 1731 asperitate,
1193 1685 1335 1717 suam
1359 1675 1584 1718 sanctam
1608 1670 1887 1718 Ecclesiam
1911 1677 2017 1719 tam
2037 1663 2042 1667 ⁴

585 1756 828 1817 sapienter
868 1753 1054 1816 regeret
1091 1757 1149 1802 ac
1189 1754 1488 1815 gubernaret,
1527 1747 1781 1802 horrenda¹
1803 1771 2018 1803 errorum

585 1846 800 1887 monstra
832 1853 954 1900 quae,
996 1855 1056 1886 ex
1091 1836 1396 1900 Apostolicae‘
1426 1839 1565 1898 Sedis
1599 1832 1877 1896 altitudine,
1909 1847 2018 1888 tan-

588 1935 746 1986 quam·
782 1925 832 1972 in
877 1940 986 1971 arce
1029 1920 1443 1986 Religionis,'per
1493 1924 1792 1972 catholicum
1848 1925 2018 1972 orbem

591 2010 684 2058 hac
729 2008 1021 2056 difficillima
1065 2015 1204 2056 aetate
1251 2009 1540 2069 grassantia,
1584 2009 1816 2065 intuetur,
1864 2005 2019 2066 nobis,

593 2095 677 2154 qui
744 2092 970 2140 custodes
1022 2093 1179 2153 gregis
1234 2093 1437 2139 Domini
1491 2092 1542 2139 in
1595 2092 1674 2139 his
1738 2093 2020 2154 regionibus

591 2177 832 2240 praepositi
888 2193 1078 2234 sumus,
1131 2182 1179 2223 et
1232 2177 1558 2238 speculatores
1618 2175 1793 2223 domus
1855 2178 2021 2234 Israel,

592 2263 769 2309 iterum
805 2268 950 2322 atque
986 2262 1159 2308 iterum
1185 2260 1416 2316 indicare,
1452 2276 1637 2321 nosque
1661 2260 2021 2310 instantissime

592 2344 847 2398 adhortari,
887 2342 948 2390 ut'
978 2342 1106 2390 'vires
1144 2359 1460 2391 exerceamus
1517 2328 1706 2391 nostras
1744 2335 1804 2392 ad
1846 2337 2052 2395 eadem*

593 2431 702 2477 forti
755 2431 923 2476 animo
985 2428 1292 2485 debellanda,
1360 2429 1410 2477 in
1484 2445 1571 2477 sua
1638 2430 2023 2491 vigilantissima

596 2514 827 2561 Ecclesiae
853 2513 1145 2561 universalis
1166 2529 1298 2592 cura,
1326 2514 1631 2575 judicaverit,
1655 2516 1779 2564 nihil
1802 2525 2024 2580 opportu-

598 2589 711 2645 nius
741 2593 807 2643 ac
846 2597 1006 2657 magis
1048 2589 1379 2645 necessarium
1415 2598 1569 2655 nobis,
1614 2600 1664 2647 in
1698 2600 1792 2649 hac
1828 2602 2025 2678 synodo

597 2679 919 2742 congregatis,
959 2674 1120 2728 visum
1161 2681 1267 2737 fuit,
1307 2672 1456 2742 quam
1495 2683 1701 2744 ipsamet
1724 2685 1858 2733 illius
1881 2684 2026 2735 verba

598 2767 772 2815 salutis
782 2767 955 2828 plena,¹
962 2766 1010 2812 in
1031 2765 1424 2814 Allocutionibus
1441 2767 1542 2815 suis
1558 2772 1586 2815 9
1602 2752 1889 2818 Decembris
1901 2758 2027 2845 1854

596 2862 648 2902 et
702 2849 740 2900 9
752 2849 913 2899 Junii
949 2854 1069 2898 1802
1115 2858 1363 2909 contenta,
1407 2851 1550 2914 hujus
1584 2840 1768 2916 Synodi
1782 2836 2023 2930 Decutis
