2320 3352
909 369 911 372 ‘
969 375 1306 409 Paovmoum
1340 376 1413 409 111.
1841 361 1901 408 91

472 478 805 535 detestemur,
831 478 1056 527 Vestram
1109 485 1280 528 tamen
1333 479 1388 527 in
1441 478 1589 527 malis
1640 477 1907 527 tolerandis

470 561 808 611 fortitudinem
843 561 1179 625 invictamque
1214 563 1548 611 constantiam
1585 562 1706 611 satis
1742 560 1908 609 mirari

474 662 576 695 non
617 662 916 709 possumus:
983 648 1184 709 Deoque
1230 648 1430 711 Optimo
1465 646 1688 696 Maximo
1729 646 1911 708 gratias

474 730 673 793 agimus
697 729 827 791 quod
850 731 950 778 Vos
972 731 1123 779 tantis
1146 731 1251 779 suis
1273 730 1417 779 donis
1439 731 1732 779 cumulavit.

536 815 611 862 De
630 814 790 863 Patria
806 815 978 863 Vestra
996 816 1134 878 cujus·
1156 820 1440 878 provectum
1456 815 1703 864 anhelatis
1726 814 1912 870 exules,

475 908 674 960 a'grege
696 899 887 957 Vestro,
921 915 1035 961 erga
1069 916 1217 962 quem
1238 901 1389 963 patris
1411 900 1585 963 optimi
1607 899 1912 963 pastorisque

475 983 850 1045 vigilantissimi
914 999 1117 1032 munere
1159 985 1417 1047 'perfuncti
1450 985 1615 1041 estis,
1678 982 1915 1031 violenter

477 1067 655 1124 avulsi,
715 1067 780 1115 de
855 1068 1082 1130 periculis
1134 1069 1313 1131 quibus
1368 1084 1463 1130 prae
1524 1069 1697 1116 Vestro
1761 1066 1912 1115 exilio

478 1157 735 1200 versantur
788 1168 904 1200 oves
956 1153 1226 1215 vigilantiae
1278 1154 1463 1201 Vestrae
1518 1152 1719 1208 traditae,
1753 1151 1915 1199 tristes

480 1242 836 1298 moerentesque
876 1237 1021 1299 longe
1058 1238 1120 1286 ab
1158 1237 1231 1285 eis
1266 1253 1418 1285 errare
1467 1236 1626 1284 coacti
1660 1235 1814 1283 estis:
1858 1240 1917 1282 ut

478 1326 656 1369 coetera
706 1327 1047 1383 praetereamus
1089 1330 1231 1384 quae,
1273 1322 1352 1370 his
1404 1321 1718 1384 temporibus,
1771 1318 1917 1367 corda

478 1405 653 1453 Vestra
689 1406 924 1455 moestitia
960 1408 1147 1469 replent
1170 1414 1219 1455 et
1241 1408 1551 1470 opprimunt3
1589 1405 1915 1454 nihilominus

478 1496 619 1538 tanta
641 1491 691 1538 in
718 1492 882 1539 Deum
915 1491 1096 1540 fiducia
1131 1498 1366 1554 tantoque
1389 1491 1572 1540 mentis
1595 1491 1758 1539 robore
1781 1489 1915 1537 fertis

478 1575 664 1632 omnia,
690 1582 745 1624 ut
767 1576 859 1624 toti
891 1576 1077 1624 mundo
1107 1577 1384 1640 effulgeatis
1411 1583 1648 1639 tanquam
1670 1574 1918 1637 exemplar

479 1660 693 1708 virorum
725 1660 857 1708 bona
888 1661 1159 1709 certamina
1197 1661 1528 1709 certantium.u

542 1745 709 1793 Macte
731 1745 901 1793 animo
922 1745 1045 1802 sitis,
1069 1746 1477 1795 Eminentissime
1500 1751 1550 1794 et
1580 1744 1918 1793 Illustrissime

481 1831 710 1887 Domine,
725 1831 862 1880 adest
879 1831 957 1880 eni
965 1847 1013 1880 m
1031 1833 1286 1894 piissimus
1303 1834 1454 1889 Deus,
1472 1832 1558 1893 qui
1570 1832 1670 1880 Vos
1687 1830 1838 1879 tantis
1856 1828 1917 1877 de

483 1917 631 1965 malis
674 1932 763 1965 suo
816 1922 1030 1980 tempore
1083 1918 1253 1981 eripiet
1296 1924 1346 1967 et
1396 1917 1701 1966 benemerita
1743 1916 1919 1964 Vestra

485 2001 699 2063 praemiis
722 2000 1046 2063 amplissimis
1069 2001 1334 2050 coronabit.

552 2083 650 2133 Sed
672 2085 908 2147 quoniam
929 2084 1014 2134 alii
1037 2092 1152 2134 sunt
1176 2085 1487 2134 dilectissimi
1526 2086 1716 2134 Fratres
1750 2084 1834 2145 qui
1867 2083 1921 2131 in

489 2168 665 2217 eadem
688 2169 867 2232 agonia
889 2175 1131 2218 certantes
1153 2186 1238 2234 pro
1268 2170 1571 2218 conscientia
1604 2168 1707 2217 dira
1731 2167 1923 2230 patiun-

490 2261 583 2312 tur,
627 2269 711 2302 eos
754 2269 839 2317 per
882 2256 999 2312 Vos,
1050 2255 1390 2304 Illustrissime
1428 2254 1627 2310 athleta,
1671 2253 1756 2315 qui
1798 2253 1926 2300 inter

492 2338 860 2387 commilitones
883 2339 1082 2407 Vestros
1132 2341 1383 2402 sociosque
1426 2339 1646 2388 dolorum
1683 2338 1925 2401 praestatis

495 2431 735 2484 tanquam
758 2422 859 2471 dux
876 2429 925 2472 et
945 2424 1243 2487 coryphaeus,
1262 2423 1501 2473 certiorari
1515 2422 1740 2486 deoptam
1749 2438 1819 2478 us,
1837 2438 1926 2470 nos

495 2521 608 2568 erga
631 2506 742 2554 illos
764 2505 941 2555 eodem
965 2508 1146 2556 amoris
1168 2508 1345 2556 affectu
1369 2508 1449 2569 agi
1474 2513 1620 2569 atque
1642 2506 1826 2569 repleri.

558 2590 630 2637 De
650 2596 826 2638 coetero
841 2590 1257 2653 benignissimum
1275 2593 1437 2640 Deum
1461 2606 1690 2653 rogamus
1706 2595 1759 2638 ut
1778 2589 1929 2638 tantis

497 2689 658 2723 rerum
721 2676 1165 2738 perturbationibus
1239 2692 1389 2739 quam
1462 2676 1704 2724 citissime
1780 2675 1932 2723 finem

500 2761 737 2825 imponat,
761 2761 956 2824 Vosque
980 2760 1269 2811 dilectorum
1299 2762 1512 2810 filiorum
1551 2759 1635 2809 diu
1658 2759 1931 2809 desiderato
