2412 3448
48 481 231 545 dignos

72 566 228 616 ndum

38 649 230 707 tabunt,

30 835 111 868 ma
145 835 233 882 pro

52 919 101 952 m
141 903 228 965 qui

20 1095 25 1115 :
34 1072 224 1136 copulis

17 1179 26 1199 ι
102 1173 229 1219 quos

17 1258 41 1290 s
64 1243 225 1291 eecle-

24 1349 32 1369 =
46 1343 227 1390 epona·

15 1411 229 1468 venient,

29 1517 35 1537 =
51 1496 228 1544 mitem

32 1601 230 1648 pressae

0 1770 3 1799 ι
47 1769 229 1802 convo-

0 1838 229 1887 ovineiae

0 1939 43 1980 tr,
105 1940 232 1986 quos

0 2009 160 2058 verint.

0 2109 28 2141 n
81 2100 227 2143 coetu

0 2179 229 2243 episcopo

0 2264 56 2321 :ia
112 2280 230 2314 vero

0 2450 223 2497 ingrega-

0 2535 109 2582 :opo
145 2520 224 2568 vel

0 2705 20 2737 r
52 2695 225 2740 mente

0 2774 226 2837 =piscopis

1008 383 1343 419 rnovrnounn
1367 384 1440 419 111.
1879 370 1942 418 89

507 502 592 550 pro
614 502 704 536 sua
725 488 996 550 respective
1019 487 1275 537 Provincia
1296 489 1604 552 peculiariter
1624 487 1942 537 commenda·

508 579 596 619 tur.
661 570 848 620 Verum
890 587 1010 620 cum
1042 587 1072 621 a
1095 572 1384 621 Praesulum
1435 572 1679 621 electione
1725 571 1941 621 maxime

507 652 720 717 pendeat
740 654 1019 703 animarum
1044 655 1191 711 salus,
1211 671 1424 718 cumque
1445 662 1694 719 propterea
1716 656 1942 717 quicum-

508 752 604 799 que
638 736 689 785 in
726 737 814 786 illa
851 737 1218 799 quomodolibet
1253 745 1440 802 partem
1478 739 1664 789 habent
1708 741 1943 802 Supremo

508 825 770 873 Pastorum
834 825 1049 888 Principi
1103 826 1296 875 Christo
1349 827 1469 875 Jesu
1518 826 1791 875 districtam
1845 826 1944 874 sint

508 909 751 957 rationem
772 908 1020 967 reddituri,
1051 926 1190 974 spero
1221 910 1452 973 equidem
1480 911 1593 967 fore,
1617 916 1671 959 ut
1693 909 1861 958 omnia
1884 923 1943 958 ac

510 993 709 1056 singula
742 1010 867 1056 quae
911 996 966 1043 in
1003 1010 1052 1043 re
1095 995 1223 1044 tanti
1266 996 1508 1044 momenti
1551 995 1614 1043 ab
1659 993 1941 1056 Apostolica

510 1077 635 1126 Sede
651 1078 1052 1140 Septentrionalis
1065 1080 1324 1128 Americae
1338 1080 1592 1143 Episcopis
1605 1079 1942 1141 injunguntur,

510 1160 688 1211 eadem
736 1161 788 1210 in
834 1163 1051 1211 Domino
1088 1162 1150 1211 ad
1190 1163 1435 1211 amussim
1495 1177 1685 1211 servare
1729 1161 1942 1210 studeas.

511 1246 676 1295 Deum
698 1261 813 1294 vero
833 1262 1000 1309 precor
1020 1253 1075 1295 ut
1097 1248 1170 1295 Te
1192 1247 1471 1296 diutissime
1494 1247 1710 1310 sospitet.

573 1332 761 1379 Datum
799 1331 988 1379 Romae
1026 1347 1088 1379 ex
1110 1330 1314 1380 aedibus
1353 1333 1398 1379 S.
1439 1329 1846 1392 Congregationis
1882 1326 1942 1375 de

510 1414 829 1478 Propaganda
854 1415 976 1463 Fide
999 1414 1079 1464 die
1101 1418 1159 1463 21
1185 1416 1406 1465 Januarii
1431 1418 1566 1463 1861.

957 1557 1156 1586 nouorum
1181 1556 1234 1586 AO
1261 1557 1516 1591 QUAESTIONES

563 1653 700 1700 Circa
725 1652 960 1717 qualitates
991 1669 1084 1716 quae
1121 1653 1370 1700 necessaria
1390 1660 1491 1699 sune
1522 1652 1568 1698 in
1598 1649 1900 1716 promovendis

783 1715 846 1763 od
867 1715 1134 1781 Episcopale
1154 1732 1307 1763 munus
1329 1732 1382 1763 ac
1404 1715 1678 1779 dignitatem.

548 1839 589 1882 1.
622 1834 834 1890 Nomen,
859 1849 1151 1895 cognomen,
1172 1839 1324 1890 aetas,
1344 1833 1502 1896 patria
1527 1828 1791 1897 candidati.

544 1922 589 1967 2.
624 1920 779 1981 Cnjus
800 1919 1055 1967 Dioeeesis
1077 1919 1141 1966 sit
1158 1934 1216 1966 ac
1230 1918 1516 1966 Provinciae
1531 1911 1947 1964 Ecclesiasticae'!

545 2008 590 2054 3.
623 2005 844 2055 Ubinam
888 2003 1065 2055 studiis
1107 2004 1397 2067 theologicis
1440 2002 1690 2052 vacaverit
1710 2015 1722 2047 ε
1766 2005 1816 2047 et
1853 2012 1948 2060 quo

637 2092 855 2155 prosectu
870 2091 892 2140 ‘l
1890 2092 1892 2094 ’

544 2179 588 2225 4.
623 2177 706 2225 An
727 2175 908 2238 gradus
929 2181 1187 2225 assecutus
1207 2174 1369 2230 fuerit,
1390 2179 1440 2222 et
1461 2188 1583 2236 quos
1604 2172 1626 2219 'l

548 2265 592 2310 5.
625 2264 708 2311 An
730 2262 976 2311 Professor
997 2262 1252 2317 exstiterit,
1275 2266 1324 2309 et
1346 2260 1488 2322 cujus
1510 2256 1759 2307 facultatis
1780 2254 1802 2302 ’ἒ

548 2352 591 2397 6.
626 2351 710 2397 An
731 2354 781 2398 et
801 2349 890 2398 ubi
912 2349 1175 2397 missiones
1196 2363 1363 2396 sacras
1384 2347 1602 2403 obiverit,
1640 2350 1690 2393 et
1709 2357 1860 2405 quam
1896 2340 1950 2388 in

641 2435 717 2483 eis
739 2435 1096 2497 experientiam
1118 2433 1422 2483 obtinuerit?

551 2522 593 2568 7.
628 2522 764 2577 Quot
785 2519 982 2583 linguas
1003 2520 1197 2575 calleat,
1220 2524 1269 2567 et
1291 2533 1415 2580 quas
1434 2517 1456 2564 ‘3

546 2606 591 2653 8.
625 2604 821 2661 Quibus
842 2604 1019 2653 officiis
1041 2604 1106 2652 sit
1128 2603 1424 2665 perfunctus,
1446 2607 1496 2650 et
1517 2615 1613 2662 quo
1636 2612 1869 2647 successu
1889 2595 1911 2643 ’ἒ

547 2692 591 2737 9.
624 2691 793 2746 Quam
814 2688 1127 2753 prudentiam
1148 2686 1416 2736 exhibuerit
1432 2685 1487 2735 in
1502 2680 1948 2736 deliberationibus,

642 2779 694 2823 et
716 2773 897 2836 agendi
917 2773 1104 2822 ratione
1123 2771 1146 2819 ¹3
