2312 3368
1184 372 1457 406 APPENDIX.

741 584 1124 632 ALLOCUTIO
1157 585 1240 632 SS.
1275 585 1335 632 D.
1371 585 1430 631 N.
1463 584 1551 631 PII
1587 582 1804 631 PAPAE
1838 584 1909 631 IX

862 783 870 793 ι
903 770 948 798 &m
976 770 1234 798 CONSISTORIO
1262 758 1287 797 9
1315 770 1429 798 mim
1456 757 1564 798 1862
1593 768 1749 797 HABITA

781 973 1040 1016 Venerabiles
1058 973 1244 1027 Fratres,

659 1083 846 1126 Maxima
867 1084 1036 1138 quidem
1054 1083 1215 1125 laetitia
1234 1082 1373 1125 affecti
1391 1083 1561 1135 fuimus,
1581 1082 1855 1125 Venerabiles
1875 1082 2054 1135 Fratres,

605 1164 702 1191 cum
723 1150 970 1191 Sanctorum
989 1149 1164 1191 honores
1185 1154 1226 1191 et
1246 1150 1421 1201 cultum,
1450 1149 1543 1191 Deo
1563 1149 1669 1191 bene
1682 1148 1875 1204 juvante,
1897 1153 2056 1203 septem

606 1220 648 1256 et
694 1215 845 1270 viginti
890 1215 1172 1256 invictissimis
1192 1215 1361 1256 divinae
1397 1220 1563 1269 nostrae
1611 1214 1823 1280 religionis
1859 1214 2057 1255 heroibus

606 1280 795 1322 hesterno
843 1280 911 1322 die
956 1280 1178 1323 decernere
1228 1280 1499 1335 potuerimus,
1556 1279 1693 1322 Vobis
1738 1280 1861 1333 lateri
1900 1278 2057 1321 Nostro

607 1344 883 1397 adstantibus,
921 1345 994 1400 qui
1032 1345 1199 1400 egregia
1234 1345 1392 1400 pietate
1429 1359 1478 1387 ac
1513 1344 1668 1387 virtute
1697 1344 1890 1399 praediti,
1928 1348 1970 1385 et
2012 1344 2058 1385 in

605 1410 897 1452 sollicitudinis
914 1410 1097 1453 Nostrae
1125 1416 1290 1465 partem
1309 1410 1449 1452 vocati
1478 1411 1524 1451 in
1555 1410 1634 1452 hac
1665 1414 1786 1452 tanta
1817 1415 2057 1464 temporum

607 1475 830 1530 asperitate
862 1479 1028 1517 strenue
1047 1476 1295 1518 dimicantes
1326 1490 1402 1531 pro
1422 1475 1561 1518 Domo
1581 1474 1709 1517 Israel
1737 1489 1900 1517 summo
1919 1474 2058 1516 Nobis

606 1540 753 1582 solatio
792 1547 835 1582 et
855 1541 1127 1583 consolationi
1164 1542 1274 1583 estis.
1334 1541 1510 1583 Utinam
1546 1555 1643 1583 vero
1681 1542 1783 1583 dum
1814 1540 2058 1596 hujusmodi

605 1605 898 1660 perfundimur
933 1607 1101 1662 gaudio,
1141 1606 1258 1648 nulla
1294 1608 1505 1656 moeroris,
1544 1607 1768 1662 luctusque
1804 1620 1930 1649 eausa
1966 1605 2058 1648 Nos

607 1670 777 1712 aliunde
806 1671 1080 1713 contristaret.
1136 1670 1240 1713 Non
1269 1685 1490 1727 possumus
1523 1672 1635 1713 enim
1671 1686 1756 1713 non
1788 1670 2057 1713 vehementer

607 1735 748 1778 dolere
775 1742 818 1778 et
851 1737 962 1791 angi,
996 1751 1092 1779 cum
1115 1737 1331 1779 videamus
1365 1737 1601 1778 tristissima
1632 1742 1674 1778 et
1705 1750 1925 1791 nunquam
1959 1735 2059 1777 satis

608 1802 868 1857 deploranda
889 1802 1002 1844 mala
1022 1817 1070 1845 ac
1089 1803 1260 1855 damna,
1282 1803 1436 1858 quibus
1455 1816 1553 1845 cum
1572 1815 1800 1858 permagno
1821 1801 2059 1843 animarum

609 1869 859 1911 detrimento
893 1868 1100 1911 catholica
1133 1883 1246 1911 nune
1278 1869 1478 1914 Ecclesia,
1515 1874 1558 1910 et
1590 1869 1680 1924 ipsa
1713 1867 1848 1911 civilis
1885 1867 2066 1909 societas,

610 1932 892 1974 miserandum
912 1933 957 1974 in
976 1933 1148 1975 modum
1168 1934 1376 1989 premitur
1396 1947 1442 1975 ae
1462 1935 1698 1976 dlvexatur.
1758 1933 1930 1987 Optime
1950 1931 2061 1973 enim

610 1986 790 2050 noscitis,
824 1998 1100 2041 Venerabiles
1119 1998 1299 2051 Fratres,
1335 2000 1593 2040 teterrimum
1614 2012 1712 2040 sane
1728 1998 1889 2040 bellum
1918 2001 2063 2039 contra

609 2077 697 2105 rem
717 2063 969 2105 catholicam
1005 2065 1244 2106 universam
1277 2065 1331 2106 ab
1361 2065 1411 2106 iis
1438 2064 1679 2107 hominibus
1712 2063 1956 2114 conflatum,
1988 2062 2061 2117 qui

609 2127 768 2169 inimici
801 2128 947 2170 Crucis
976 2128 1130 2171 Christi
1161 2144 1306 2171 sanam
1336 2144 1421 2172 non
1449 2130 1695 2171 sustinentes
1729 2129 1975 2180 doctrinam,
2011 2141 2060 2170 ae

608 2191 767 2233 nefaria
805 2193 914 2234 inter
959 2207 1003 2235 se
1040 2194 1235 2236 societate
1272 2194 1485 2249 conjuncti
1528 2207 1817 2249 quaecumque
1853 2188 2061 2248 ignorant,

611 2256 920 2312 blasphemant,
954 2272 1003 2300 ac
1023 2258 1162 2313 pravis
1193 2259 1397 2314 cujusque
1417 2260 1581 2315 generis
1601 2259 1760 2300 artibus
1779 2258 2062 2301 sanctissimae

612 2329 776 2364 nostrae
807 2322 1031 2378 religionis,
1066 2329 1108 2365 et
1142 2324 1352 2366 humanae
1372 2326 1580 2367 societatis
1598 2325 1873 2367 fundamenta
1904 2323 2060 2366 labefa-

612 2395 735 2442 ctare,
756 2389 900 2442 immo,
928 2390 961 2431 si
980 2390 1072 2432 fieri
1092 2405 1279 2447 unquam
1294 2397 1445 2447 posset,
1461 2392 1630 2448 penitus
1646 2398 1843 2444 evertere,
1859 2391 2063 2433 omnium-

614 2470 698 2511 que
727 2455 887 2497 animos
916 2461 1158 2513 mentesque
1190 2458 1551 2513 perniciosissimis
1585 2458 1821 2512 quibusque
1856 2456 2065 2499 erroribus

613 2521 815 2575 imbuere,
850 2537 1114 2578 eorrumpere
1133 2530 1173 2565 et
1196 2538 1220 2565 a
1240 2523 1448 2565 catholica
1468 2522 1669 2580 religione
1689 2522 1869 2564 avellere
1889 2521 2064 2563 moliun-

615 2593 696 2629 tur.
726 2587 941 2629 Nimirum
961 2588 1219 2630 callidissimi
1232 2589 1299 2630 isti
1314 2588 1511 2630 fraudum
1523 2587 1715 2640 artifices,
1736 2592 1777 2630 et
1790 2586 2066 2629 fabricatores

617 2652 821 2694 mendacii
862 2667 943 2694 non
981 2657 1142 2695 cessant
1172 2659 1402 2695 monstrosa
1435 2667 1626 2709 quaeque
1658 2658 1848 2695 veterum
1877 2667 2066 2694 errorum

614 2721 807 2772 portenta
849 2717 941 2773 jam
988 2719 1302 2774 sapientissimis
1350 2719 1512 2774 scriptis
1559 2720 1681 2761 toties
1737 2718 1962 2775 profligata
2018 2733 2066 2762 ae

617 2783 802 2838 depulsa,
822 2784 1153 2841 gravissimoque
1181 2784 1394 2828 Ecclesiae
1420 2784 1576 2828 indicio
1605 2785 1805 2827 damnata
1835 2799 1858 2827 e
1888 2785 2070 2828 tenebris
