2320 3352
48 0 113 49 'le
122 2 125 46 Ἰ
134 0 158 43 i

553 344 615 390 94
954 353 1235 389 cononum
1260 353 1591 394 Qunnncnnsn

554 449 813 498 intervallo
855 465 886 498 a
925 449 1079 497 Vobis
1123 463 1416 511 separamur.
1481 447 1681 495 Etenim
1721 453 1771 495 et
1814 447 1994 496 nostris

553 534 801 582 doloribus
825 533 1113 590 condoletis,
1155 538 1203 581 et
1235 531 1297 579 de
1334 537 1499 580 nostra
1521 532 1776 589 viduitate,
1811 532 1866 580 in
1898 532 1993 581 hac

553 617 771 665 violenta
796 616 1113 664 distractione
1132 615 1194 662 ab
1212 615 1440 662 ecclesiis
1455 615 1633 663 nostris
1650 615 1993 664 affiictamini:

554 702 846 765 patientiam
865 707 1034 749 autem
1050 705 1286 755 nostram,
1316 700 1363 747 si
1378 716 1502 762 quos
1526 700 1715 749 labores
1737 717 1821 764 pro
1843 717 1996 750 causa

555 787 793 835 Ecclesiae
835 786 1116 841 toleramus,
1154 783 1475 833 vehementer
1509 785 1737 848 probatis.
1802 786 1995 843 Quibus

556 871 768 934 profecto
791 869 1045 918 charitatis
1066 868 1249 916 Vestrae
1272 869 1578 930 argumentis
1600 885 1702 917 non
1734 870 1997 937 mediocris

554 956 783 1004 alacritas
821 953 1017 1002 additur
1053 953 1210 1009 nobiS,
1250 959 1357 1001 tum
1395 954 1512 1015 quia
1550 954 1786 1016 aegritudo
1828 961 1992 1004 nostra

558 1040 718 1088 minui
741 1037 1104 1101 quodammodo
1126 1038 1317 1086 videtur
1337 1039 1791 1098 communicatione
1814 1040 1994 1088 amoris

554 1124 730 1181 Vestri,
753 1130 860 1172 tum
884 1124 1218 1191 maximopere
1241 1123 1357 1185 quia
1380 1139 1532 1172 causa
1547 1131 1725 1181 nostra,
1750 1125 1995 1186 suffragiis

554 1209 743 1257 Vestris
788 1191 1078 1263 sustentata,
1112 1210 1347 1269 majorem
1386 1208 1654 1270 quamdam
1700 1208 1995 1271 dignitatem

554 1292 871 1341 nanciscitur.
936 1293 1100 1354 Atque
1124 1291 1261 1348 ade0,
1301 1292 1417 1341 licet
1456 1308 1697 1355 magnum
1720 1294 1785 1342 sit
1806 1309 1994 1356 prome·-

552 1377 701 1425 ritum
740 1376 794 1424 in
838 1392 930 1424 nos
974 1376 1221 1443 Vestrum,
1267 1378 1426 1438 majus
1470 1382 1545 1425 est
1587 1376 1717 1439 quod
1758 1377 1813 1425 in
1834 1378 1995 1441 ipsam

553 1478 757 1511 causam
780 1460 1035 1510 redundat.

613 1556 745 1612 Quid
768 1556 906 1604 enirn
929 1561 1005 1604 est
1027 1571 1115 1604 cur
1135 1556 1273 1604 Deus
1310 1556 1788 1619 providentissimu8‚
1826 1564 1997 1608 auctor

551 1641 656 1703 ipse
679 1646 729 1688 et
750 1640 1040 1702 gubernator
1056 1640 1304 1697 Ecclesiae,
1320 1641 1456 1689 hanc
1474 1641 1631 1691 diram
1649 1649 1995 1705 tempestatem

550 1725 788 1774 concitari
831 1725 881 1773 in
929 1725 1089 1787 ipsam
1143 1725 1395 1787 permittit,
1451 1726 1550 1774 nisi
1592 1732 1661 1783 ut,
1717 1726 1994 1775 adversario

553 1812 743 1873 impetu
766 1810 1009 1872 exagitata
1032 1815 1081 1857 et
1104 1825 1361 1867 concussa,
1378 1811 1617 1868 consistat
1636 1812 1795 1874 magis
1813 1817 1860 1862 et
1876 1828 1992 1861 con-

551 1897 770 1944 firmetur
789 1895 810 1942 ’ἒ
843 1894 984 1952 Quod
1010 1894 1209 1956 quidem
1233 1896 1516 1958 contingere
1538 1912 1638 1952 non
1658 1896 1804 1963 modo
1825 1897 1992 1946 catho-

550 1981 636 2029 lici
658 1980 881 2028 homines
905 1978 1178 2041 gaudentes
1199 1979 1385 2036 vident,
1408 1980 1493 2028 sed
1517 1986 1566 2029 et
1584 1980 1676 2043 ipsi
1694 1980 1992 2029 dissidentes

550 2065 666 2112 licet
689 2063 835 2112 inviti
858 2063 1168 2111 confitentur.
1234 2064 1362 2112 Nam
1389 2080 1493 2126 quo
1526 2066 1688 2128 magis
1720 2066 1810 2114 filii
1833 2066 1987 2131 perdi·

549 2148 699 2196 tionis
754 2148 879 2195 vires
923 2147 1190 2205 intentant,
1245 2153 1301 2196 ut
1343 2149 1613 2211 mysticum
1667 2150 1761 2198 hoc
1806 2151 1989 2200 Christi

550 2232 736 2294 Corpus
760 2230 1050 2287 distrahant,
1073 2237 1123 2279 et
1145 2232 1245 2293 ejus
1265 2233 1485 2281 membra
1507 2234 1606 2282 alia
1623 2234 1722 2282 alio
1737 2234 1990 2293 divellant,

548 2333 606 2367 eo
630 2316 792 2379 magis
813 2315 919 2364 haec
957 2322 1333 2374 connectuntur,
1369 2322 1423 2365 ut
1457 2317 1511 2366 in
1546 2319 1687 2368 illam
1724 2320 1989 2369 mirificam

547 2403 793 2450 unitatem
835 2400 1098 2464 perfectius
1142 2402 1437 2459 coalescant,
1480 2418 1631 2464 quam
1666 2405 1755 2453 toti
1792 2406 1990 2469 Corpori

548 2487 776 2536 Christus
798 2486 1045 2534 Dominus
1075 2487 1344 2548 praestituit.
1409 2489 1620 2545 Quando
1654 2491 1790 2538 enirn
1826 2491 1989 2540 extitit

547 2574 901 2637 Episcoporum
948 2577 1049 2619 toto
1085 2572 1197 2620 orbe
1240 2572 1567 2635 dispersorum
1609 2592 1727 2624 cum
1760 2576 1988 2626 Romano

548 2660 787 2709 Pontifice
846 2659 1109 2707 consensio
1163 2666 1318 2716 tanta,
1387 2667 1573 2723 quanta
1637 2663 1774 2712 hisce
1839 2665 1988 2713 annis

547 2746 867 2797 manifestata
902 2751 994 2804 est,
1037 2761 1156 2794 cum
1199 2746 1517 2797 inimicorum
1561 2756 1786 2807 conatus,
1831 2751 1987 2801 turbis
