2412 3448
29 514 34 534 ι
49 499 223 542 cantes

34 578 222 639 cipiant

56 660 221 723 digere

81 839 222 893 prout

34 930 58 961 s
94 916 219 963 cele-

17 1001 219 1061 copalis

24 1091 217 1146 pportu-

28 1171 218 1220 litteras

16 1256 216 1318 xemplo

9 1342 217 1390 nomina

12 1427 218 1476 itrentur

8 1527 111 1559 ·rae
144 1513 216 1561 ita

26 1598 214 1662 piscopi

0 1682 214 1743 ‚elligan-

44 1783 214 1815 earum

0 1853 213 1901 alterum

22 1936 213 1986 duobus

0 2027 76 2068 ret.
139 2023 213 2069 Eo

0 2104 214 2164 pinquior

0 2188 212 2238 madver-

0 2274 211 2333 nquioris

0 2358 123 2405 xerit
167 2360 212 2407 is

10 2441 211 2490 Archio-

1 2526 212 2586 inquiori

0 2628 80 2659 um
105 2614 211 2661 suis

0 2712 20 2743 1
56 2697 209 2745 etiam

0 2779 210 2842 lesigna-

971 390 1303 427 rnovuvcmm
1334 393 1411 427 111.
1847 384 1910 431 83

481 496 509 519 “
531 496 683 549 verat,
737 491 1116 556 Archiepiscopo
1169 495 1334 544 idonei
1388 497 1595 546 minime
1641 497 1912 548 videantur.

480 582 508 604 ‘⁸
530 576 647 624 Post
661 585 889 639 acceptas
905 578 1273 642 Archiepiscopi
1286 581 1473 630 litteras
1492 598 1665 630 omnes
1683 583 1913 647 Episcopi

480 665 509 688 ‘⁶
530 660 593 709 ad
628 661 674 708 S.
709 661 764 708 O.
810 661 918 709 sine
962 677 1097 710 mora
1134 664 1349 713 scribent
1387 681 1501 714 suas
1541 668 1829 725 sententias,
1863 674 1914 718 et

480 750 507 771 “
531 745 764 806 suffragia
819 744 878 793 de
922 746 1075 794 tribus
1119 748 1234 803 illis,
1293 750 1369 797 vel
1423 765 1509 798 sex
1552 744 1913 801 commendatis

480 834 508 856 “
530 829 813 890 exposituri.

542 919 571 941 “
596 914 820 961 Vacante
859 929 972 961 vero
1009 914 1131 962 Sede
1175 915 1565 980 Metropolitana,
1588 920 1777 968 litterae
1822 922 1912 968 Ar-

479 1003 507 1025 “
529 998 831 1060 chiepiscopi
874 998 1115 1047 demortui
1159 1001 1363 1050 nomina
1407 1003 1552 1050 trium
1593 1003 1914 1053 Sacerdotum

480 1089 508 1112 “
530 1081 853 1145 designantes
901 1100 931 1132 a
973 1084 1168 1133 Vicario
1221 1087 1451 1136 Generali
1494 1087 1557 1136 ad
1612 1089 1913 1151 Episcopum

481 1173 509 1196 “
531 1168 940 1231 propinquiorem,
1000 1175 1050 1216 et
1092 1169 1154 1218 ad
1198 1171 1563 1233 suffraganeum
1613 1173 1912 1236 Episcopum

479 1258 506 1281 ‘⁴
530 1253 774 1301 seniorem
798 1252 1068 1306 mittendae
1092 1261 1221 1302 sunt.
1266 1255 1536 1319 Episcopus
1557 1263 1725 1305 autem
1750 1258 1913 1306 senior

479 1345 507 1368 ‘⁶
529 1340 870 1401 suffraganeus
900 1340 1046 1388 faciet
1063 1356 1121 1388 ea
1137 1341 1306 1389 omnia
1322 1356 1446 1403 quae
1461 1341 1521 1390 de
1536 1342 1912 1406 Archiepiscopo

479 1425 758 1487 “superius
813 1430 998 1473 statuta
1051 1432 1182 1483 sunt,
1237 1426 1322 1474 ubi
1365 1427 1524 1489 agitur
1565 1426 1626 1475 de
1680 1427 1913 1491 Episcopi

479 1515 508 1539 “
529 1510 787 1558 electione.

540 1603 570 1625 “
593 1596 736 1652 Quod
761 1597 804 1644 si
839 1596 969 1659 apud
1001 1595 1318 1659 Episcopum,
1358 1598 1436 1645 vel
1473 1598 1911 1661 Archiepiscopum

478 1683 842 1732 “demortuum
885 1683 1073 1731 litterae
1117 1682 1531 1732 memoratae-de·
1553 1684 1701 1732 trium
1745 1685 1909 1732 Sacer-

477 1773 505 1795 “
527 1768 699 1816 dotum
753 1767 1093 1829 designatione
1148 1783 1246 1815 non
1310 1768 1619 1830 reperiantur,
1684 1767 1909 1816 Vicarius

476 1859 503 1881 ‘⁶
527 1853 786 1901 Generalis
809 1853 1110 1915 Episcopum
1143 1851 1530 1915 propinquiorem
1552 1852 1629 1899 vel
1666 1852 1908 1899 seniorem

476 1942 587 1985 “ex
631 1937 823 1985 duobus
876 1932 1294 1999 propinquioribus
1346 1934 1406 1982 de
1460 1927 1519 1983 ea
1546 1950 1612 1990 ¹re
1657 1926 1910 1983 certiorem

473 2028 500 2048 “
523 2022 692 2069 statim
717 2021 879 2078 saciet,
919 2028 973 2069 ut
1011 2022 1280 2083 Episcopus
1318 2020 1625 2083 propinquior
1656 2021 1745 2068 tria
1777 2020 1904 2069 desi-

473 2112 499 2134 “
522 2114 642 2168 gnet
672 2105 987 2154 Sacerdotum
1031 2106 1232 2153 nomina
1257 2105 1309 2152 in
1332 2104 1538 2166 epistola
1559 2104 1622 2152 ad
1647 2105 1904 2168 Archiepi-

472 2196 498 2217 “
521 2206 729 2253 scopum
769 2189 1024 2237 mittenda.
1089 2189 1497 2251 Archiepiscopus
1520 2204 1576 2236 ea
1600 2196 1808 2251 accepta
1841 2190 1904 2238 ad

470 2281 497 2302 “
520 2291 697 2323 omnes
721 2276 987 2337 Episcopos
1011 2275 1204 2330 scribet,
1239 2280 1287 2321 et
1323 2289 1382 2320 ea
1417 2274 1584 2321 omnia
1620 2273 1740 2321 fient
1771 2290 1897 2335 quae

469 2364 496 2385 “
512 2360 620 2420 jam
644 2358 863 2407 indicata
887 2365 1001 2406 sunt
1024 2358 1152 2405 circa
1173 2356 1352 2419 agendi
1373 2357 1611 2405 rationem
1630 2357 1897 2406 tenendam

467 2449 494 2470 “
517 2444 603 2491 ubi
625 2444 813 2490 litterae
832 2442 1075 2504 Episcopi,
1097 2447 1183 2489 aut
1201 2441 1562 2504 Archiepiscopi
1581 2441 1897 2491 Sacerdotum

466 2534 494 2556 ‘⁸
517 2529 724 2576 nomina
745 2534 860 2576 ante
884 2533 1092 2576 mortem
1115 2526 1421 2588 designantis
1458 2526 1635 2574 fuerint
1669 2533 1894 2589 repertae.

465 2619 493 2641 ‘⁴
518 2614 574 2661 Si
628 2614 900 2676 Episcopus
964 2611 1271 2674 propinquior
1328 2610 1390 2658 ad
1455 2610 1893 2674 Archiepiscopum

465 2705 491 2726 “
515 2700 723 2747 scribere
739 2698 1020 2760 neglexerit,
1042 2696 1445 2758 Archiepiscopus
1463 2695 1564 2757 ipse
1579 2695 1670 2743 tria
1689 2697 1894 2746 nomina

464 2791 490 2812 ‘⁶
515 2784 835 2832 Sacerdotum
860 2783 1188 2845 suffraganeis
1210 2781 1438 2830 omnibus
1452 2781 1775 2844 propinquiori
1793 2800 1893 2832 non

1751 2887 1767 2916 ὓ
