2396 3416
999 375 1331 411 nummum:
1357 375 1434 412 ιιι.
1881 360 1939 412 ’71

496 476 724 540 agendam
744 493 856 541 erga
878 478 982 525 istos
1003 478 1191 528 homines
1215 482 1240 528 ?
1277 482 1353 529 An
1369 488 1526 546 praeter
1549 494 1679 529 casus
1698 489 1939 530 reservatos

500 560 684 607 Summo
727 560 953 626 Pontifici,
993 580 1177 627 quorum
1212 567 1369 613 mentio
1411 567 1628 613 invonitur
1674 566 1722 613 in
1763 567 1942 630 antiquo

505 645 772 702 Quebecenei
815 646 1004 706 Rituali,
1035 667 1207 698 neeesse
1247 653 1304 698 sit
1347 651 1577 700 admittere
1613 660 1661 699 ut
1700 659 1941 699 reservatos

502 728 686 777 Summo
707 729 918 795 Pontifici
938 734 1093 781 multos
1115 735 1225 782 alios
1247 752 1377 783 casus
1396 744 1635 784 reservatos
1659 754 1687 783 a
1709 734 1861 783 Bultis
1893 737 1941 783 in

501 813 644 861 Goena
668 814 866 874 Domini,
902 824 942 865 et
979 821 1142 866 coetcris
1165 821 1189 866 Ρ
1222 820 1298 867 An
1335 837 1481 868 omnes
1517 820 1682 878 Bulla,
1722 828 1763 868 et
1795 821 1941 868 omnia

499 899 694 948 Decreta
730 919 760 949 a
785 902 836 949 S.
863 902 980 951 Sede
1013 907 1258 952 manantia
1295 908 1475 970 vigeant
1513 908 1561 954 in
1597 906 1680 954 hac
1702 905 1942 954 Provincia

500 1000 586 1031 non
610 992 777 1032 tantum
799 986 984 1050 dejure,
1004 987 1083 1034 sed
1103 989 1233 1035 etiam
1262 989 1460 1050 defacto
1484 989 1509 1036 ?
1541 989 1663 1051 quin
1684 994 1857 1038 tamen
1879 988 1942 1038 de

500 1069 748 1130 ejusmodi
769 1072 1074 1133 argumentis
1096 1073 1257 1121 ulium
1275 1073 1469 1122 editum
1492 1074 1637 1123 fuerit
1675 1069 1943 1123 Decretum

502 1154 556 1202 in
582 1155 897 1204 Sessionibus
929 1156 1154 1219 publicis.
1188 1159 1304 1206 Jam
1327 1174 1439 1206 vero
1463 1160 1510 1206 S.
1535 1159 1590 1207 O.
1612 1172 1645 1207 a
1668 1157 1744 1206 Te
1766 1159 1945 1207 instrui

502 1239 641 1301 cupit
663 1246 713 1287 et
735 1238 797 1287 de
828 1241 997 1288 causis
1030 1255 1138 1302 quae
1175 1242 1515 1304 Capitulorum
1553 1242 1854 1290 erectionem
1887 1242 1942 1289 in

501 1326 738 1374 omnibus
781 1325 879 1374 sere
923 1327 1262 1383 Quebecensis
1313 1328 1584 1375 Provinciae
1631 1327 1943 1375 Dioecesibus

501 1409 744 1458 hactenus
766 1410 1129 1473 prohibuerunt,
1168 1418 1217 1460 et
1254 1411 1316 1459 de
1354 1412 1491 1460 exitu
1530 1427 1679 1473 quem
1702 1411 1943 1474 praedictae

503 1494 799 1556 quaestiones
822 1494 1112 1543 habuerunt.
1139 1495 1217 1558 (1)

564 1589 625 1637 In
669 1589 855 1652 Synodi
897 1588 1132 1647 DecretiS,
1171 1603 1280 1653 quae
1320 1592 1366 1639 S.
1407 1588 1460 1638 C.
1504 1589 1945 1640 animadvertenda

500 1673 827 1731 existimavit,
894 1690 995 1723 non
1034 1675 1132 1723 nisi
1184 1674 1248 1724 ad
1302 1675 1511 1724 Decreta
1555 1675 1615 1734 V,
1669 1675 1739 1725 VI
1782 1681 1831 1725 et
1874 1676 1944 1724 IX

501 1758 786 1808 referuntur.

536 1857 542 1865 ’
565 1852 738 1903 Relate
761 1854 825 1904 ad
848 1852 1109 1903 Decretum
1134 1853 1192 1913 V,
1213 1854 1345 1917 quod
1367 1860 1443 1904 est
1471 1852 1541 1903 De
1578 1850 1883 1903 Postulatione
1915 1874 1943 1902 α

505 1936 556 1988 S.
583 1937 701 1988 Sede
722 1949 847 1989 cerlae
868 1940 1059 1988 methodi
1077 1942 1302 1990 servandae
1334 1943 1381 1989 in
1418 1941 1774 1989 commendandis
1794 1950 1939 1990 sacer-

503 2027 673 2075 dotibus
691 2046 774 2093 pro
796 2028 1058 2093 Episcopali
1079 2028 1312 2092 dignitate,
1335 2034 1385 2077 et
1407 2029 1558 2078 relate
1580 2028 1643 2077 ad
1668 2020 1944 2092 supplicem

504 2113 732 2163 libellum
770 2113 831 2162 de
870 2113 1046 2162 eadem
1084 2130 1135 2162 re
1172 2119 1483 2177 conceptum,
1530 2110 1576 2162 S.
1601 2114 1655 2161 C.
1680 2111 1947 2162 declaravit

504 2213 588 2261 pro
632 2212 767 2248 nunc
811 2196 937 2247 nihil
978 2215 1089 2247 esse
1133 2197 1493 2255 innovandum,
1537 2203 1586 2247 et
1627 2199 1827 2247 interim
1883 2197 1945 2247 ab

506 2286 566 2332 A.
590 2282 701 2334 Tua
735 2302 914 2334 causas
946 2286 1122 2348 exponi
1155 2285 1313 2334 voluit
1348 2285 1411 2333 ob
1445 2301 1569 2347 quas
1609 2284 1823 2333 Concilii
1845 2278 1939 2332 PP.

506 2386 689 2420 novam
714 2371 1005 2421 methodum
1027 2368 1377 2434 postulandam
1394 2372 1693 2419 censuerunt
1708 2385 1791 2432 pro
1807 2384 1943 2417 com·

506 2455 807 2505 mendandis
820 2455 1099 2505 candidatis
1111 2455 1174 2504 ad
1192 2460 1429 2504 vacantes
1448 2443 1598 2503 Sedes
1610 2449 1946 2517 Episcopales,

505 2542 786 2606 posthabita
820 2541 1052 2591 methodo
1081 2541 1350 2590 Provinciae
1385 2538 1699 2598 Quebecensi
1731 2543 1949 2588 recenter

554 2779 607 2824 (1)
622 2780 716 2822 Vide,
738 2781 782 2813 ad
797 2780 920 2813 catcem
934 2779 1009 2820 vol„
1025 2778 1100 2811 Rmt
1121 2778 1181 2819 Epi
1195 2778 1311 2812 Tloan.
1327 2777 1581 2819 responsionem.
