2404 3432
37 495 81 543 ie
119 498 175 543 19

22 742 113 774 us.

0 1777 170 1811 omam

0 1846 166 1895 cedere

3 1937 76 1979 ter
113 1932 167 1980 in

0 2017 164 2066 ,litates

0 2107 163 2150 intur:

0 2186 163 2243 iliano,

0 2271 164 2327 fantia,

23 2356 164 2404 soda-

0 2440 165 2489 ierum

19 2540 164 2574 vaca*

0 2625 49 2657 :ae
93 2625 165 2658 re-

0 2693 164 2744 *ndum

0 2781 164 2828 etatum

962 378 1298 415 rnovmcun
1329 379 1408 415 ιιι.
1853 371 1912 418 77

474 481 529 530 de
566 481 722 546 quibus
756 482 907 545 agitur
939 481 1001 530 R.
1024 482 1083 530 P.
1107 483 1170 531 D.
1208 483 1310 549 Epo
1350 483 1755 549 Marianopolitano
1791 502 1909 536 nunc

475 564 628 612 Romoe
668 565 869 629 degente,
922 574 1133 630 quatenus
1186 567 1298 614 nihil
1347 568 1395 615 in
1446 570 1709 616 contrarium
1762 570 1907 628 obstet,

477 649 749 714 affirmativo.

538 735 615 782 De
675 733 769 781 hac
835 733 1001 796 itaque
1055 749 1103 782 re
1157 734 1412 797 praedictus
1466 736 1601 799 Epus
1654 738 1917 799 requisitus

477 823 775 882 opportunas
799 833 898 866 non
920 817 1111 867 distulit
1133 819 1364 867 exhibere
1388 820 1604 875 notitias,
1637 836 1761 883 quas
1798 838 1915 871 cum

479 904 525 952 S.
551 903 766 965 Congtio
790 903 843 951 in
866 903 965 951 alio
987 904 1204 965 generali
1237 911 1365 953 ooetu
1388 904 1555 954 habito
1577 907 1655 953 die
1691 909 1753 954 22
1794 908 1917 957 Maii

481 991 617 1044 1865,
683 986 857 1036 eodem
910 988 1038 1036 Emo
1081 1004 1140 1037 ac
1192 988 1319 1037 Rmo
1365 989 1505 1037 Cnrd.
1551 990 1802 1040 Ludovico
1856 993 1916 1041 de

478 1075 681 1124 Alteriis
735 1074 986 1131 referente,
1041 1081 1231 1124 mature
1284 1075 1633 1138 perpendisset,
1679 1079 1920 1141 proposito

478 1165 599 1207 tuno
623 1157 774 1206 dubio
796 1175 808 1206 ε
843 1159 915 1205 An
937 1159 993 1205 sie
1015 1159 1352 1222 supplicandum
1376 1159 1522 1207 sSmo
1538 1178 1622 1224 pro
1644 1163 1913 1211 concessione

479 1242 869 1305 Indulgentiarum
892 1241 947 1289 de
968 1241 1119 1306 quibus
1133 1244 1298 1307 agitur,
1312 1244 1561 1307 respondit
1576 1260 1604 1291 ε.
1628 1245 1912 1310 Affirmative.

541 1331 688 1378 Hanc
743 1345 881 1393 porro
946 1330 996 1377 S.
1051 1330 1104 1377 C.
1162 1331 1492 1379 sententiam‘
1529 1332 1694 1380 SSmo.
1751 1333 1810 1379 D.
1857 1333 1917 1381 N.

481 1403 579 1464 Pio'
615 1415 727 1462 Div.
772 1413 962 1462 Provid.
1008 1414 1099 1462 ΡΡ.
1144 1415 1214 1462 IX
1256 1415 1482 1464 relatam·
1509 1431 1611 1478 perv·
1642 1417 1700 1464 Ra·
1754 1418 1806 1464 P.
1859 1418 1920 1465 D.

484 1499 822 1548 Hannibalem
845 1498 1040 1562 Capalti
1058 1499 1102 1546 S.
1121 1499 1340 1561 Congnis
1359 1500 1581 1548 Secrium
1595 1501 1645 1548 in
1666 1500 1920 1550 audientia

480 1584 580 1633 diei
603 1587 665 1631 28
688 1584 811 1631 Maii
833 1586 968 1639 1865,
1003 1583 1248 1631 Sanctitas
1267 1583 1364 1630 Sua
1387 1582 1600 1646 benigne
1623 1584 1921 1647 approbavit,

481 1670 755 1733 petitasque
778 1666 1122 1729 Indulgentias
1145 1673 1284 1729 prout
1307 1668 1525 1729 sequitur
1547 1668 1718 1731 largita
1740 1676 1829 1717 est.

544 1753 796 1801 Omnibus
850 1752 1017 1813 itaque
1071 1752 1405 1800 Confratribus
1458 1758 1507 1800 et
1562 1753 1918 1801 Consororibus

484 1843 867 1887 memoratarum
910 1837 1101 1900 piarum
1142 1835 1471 1884 Sodalitatum
1517 1837 1568 1884 in
1614 1838 1926 1894 Quebecensi

484 1923 743 1971 Provincia
788 1922 1028 1971 canonice
1080 1928 1353 1970 erectarum
1400 1937 1511 1970 vere
1566 1923 1926 1984 poenitentibus,

486 2007 743 2062 confessis,
778 2007 907 2055 ου’-8.
932 2006 1296 2054 Communioue
1321 2006 1514 2053 reflectis
1536 2006 1619 2067 qui
1655 2009 1926 2069 quamlibet

487 2091 789 2148 Ecclesiam,
830 2105 918 2138 seu
958 2091 1216 2152 Capellam
1253 2090 1503 2152 publicam
1528 2096 1734 2151 quatuor
1754 2091 1927 2141 diebus
1966 2077 1972 2086 ⁸

488 2193 572 2239 per
616 2191 1020 2238 unumquemque
1059 2176 1222 2237 Epum
1267 2175 1423 2223 semel
1462 2180 1511 2223 et
1549 2176 1599 2223 in
1639 2183 1927 2239 perpetuum

488 2262 640 2309 relate
683 2259 745 2309 ad
789 2258 1100 2307 Sodalitatcs·
1128 2259 1223 2306 sibi
1276 2258 1521 2320 subjectas
1569 2258 1854 2321 designatiS,
1898 2277 1929 2309 a

489 2346 663 2409 primis
711 2345 927 2408 vesperis
971 2359 1127 2405 usque
1182 2342 1243 2391 ad
1298 2358 1532 2391 occasum
1574 2344 1694 2391 solis
1738 2343 1928 2393 dierum

490 2429 773 2493 hujusmodi
827 2429 1040 2490 singulis
1087 2427 1235 2476 annis
1289 2426 1462 2474 devote
1506 2426 1825 2484 visitaverint,
1879 2435 1929 2477 et

490 2515 559 2563 ibi
581 2531 665 2578 pro
679 2513 1071 2562 Christianorum
1089 2511 1373 2573 Principum
1388 2509 1663 2566 concordia,
1686 2511 1926 2561 haeresum

491 2599 828 2661 extimatione,
863 2612 922 2645 ac
960 2597 1006 2644 S.
1041 2594 1213 2643 Matris
1235 2593 1472 2643 Ecclesiae
1494 2593 1789 2642 exaltatione
1823 2596 1929 2657 pias

493 2685 553 2733 ad
590 2686 751 2733 Deum
776 2698 944 2746 preces
966 2680 1239 2735 effuderint,
1272 2694 1369 2741 quo
1403 2678 1482 2726 die
1515 2679 1851 2740 praedictorum
1880 2680 1931 2728 id

494 2769 698 2832 egerint,
750 2766 1022 2833 plenariam
1077 2764 1304 2812 omnium
1364 2755 1674 2825 peccatorum
1738 2778 1933 2811 suorum
