2412 3496
32 1122 116 1154 ure

17 1393 26 1403 -
41 1361 120 1423 gis

12 1461 117 1490 orn&

3 1633 120 1673 usos,

20 1702 120 1749 lem

0 1785 120 1841 idos,

2 1870 122 1917 itare

4 1953 124 2001 itare

0 2038 123 2084 rium

0 2123 124 2170 renti

0 2207 124 2254 rtho-

0 2308 88 2339 rere
111 2308 124 2349 ;

0 2377 125 2424 ihor-

0 2476 127 2518 cem,

0 2564 125 2604 icus,

0 2649 41 2688 a,
65 2632 126 2679 ad

0 2718 127 2764 rilius

992 385 1323 419 Pnovmcum
1354 387 1430 419 111.
1874 376 1936 424 47

492 485 674 548 singuli
701 485 759 534 ad
787 503 910 548 quos
932 488 1147 536 visitatio
1171 496 1375 552 spectat,
1403 496 1453 537 ut
1478 498 1676 552 paterna
1696 490 1934 541 charitate

490 571 854 634 christianoque
910 574 1015 621 zelo
1059 589 1235 622 omnes
1293 575 1672 636 amplectantur,
1728 576 1935 638 ideoque

492 655 740 711 studeant,
804 672 953 717 quam
1022 657 1287 713 celerrime,
1353 657 1518 707 debita
1580 666 1750 707 tamen
1815 676 1935 709 cum

491 739 766 801 diligentia,
834 740 1169 788 visitationem
1227 741 1384 802 ipsam
1440 742 1690 790 absolvere
1769 745 1933 803 (Corte.

498 823 627 872 Trici.
656 825 773 871 Sess.
796 823 985 871 XXIV.
1025 826 1093 872 De
1120 825 1316 884 Reform.
1342 844 1437 890 cap.
1463 830 1536 887 3).

555 909 857 956 Constanter
872 911 1019 957 etiam
1043 920 1234 958 servent
1256 911 1484 973 Episcopi
1500 911 1769 959 salutarem
1793 912 1935 960 illam

492 994 907 1042 consuetudinem
928 995 1248 1049 convocandi,
1274 995 1485 1056 singulis
1523 995 1686 1051 annis,
1709 994 1937 1044 dioecesis

493 1094 595 1126 suae
641 1078 961 1141 presbyteros,
1006 1085 1059 1126 ut
1104 1079 1157 1126 in
1203 1079 1367 1140 aliquo
1412 1095 1550 1128 sacro
1596 1095 1810 1135 secessu,
1853 1096 1938 1142 per

495 1162 683 1224 aliquot
706 1161 829 1218 dies,
852 1162 946 1224 piis
970 1162 1219 1210 exercitiis
1241 1168 1435 1217 vacent,
1461 1170 1509 1210 et
1533 1178 1693 1210 annos
1733 1170 1938 1211 aeteruos

494 1246 811 1295 meditentur.

554 1332 755 1386 Verum,
776 1338 944 1393 praeter
961 1331 1258 1393 multiplices
1292 1346 1563 1392 gravesque
1583 1332 1936 1394 Episcoporum

491 1415 834 1476 obligationeS‚
859 1431 982 1476 quas
1020 1414 1274 1476 hucusque
1314 1415 1591 1471 retulimus,
1627 1421 1745 1463 sunt
1782 1416 1937 1463 etiam

491 1501 603 1549 alioe
628 1515 736 1562 quae
760 1500 881 1562 ipsis
920 1500 1136 1547 maxime
1161 1499 1291 1547 cordi
1316 1515 1424 1546 esse
1447 1499 1626 1547 debent
1650 1515 1662 1547 ε
1700 1500 1784 1547 sed
1809 1500 1938 1548 inter

491 1601 577 1633 eas
602 1585 755 1641 nulla,
780 1599 887 1645 quae
911 1587 1149 1643 maJorum
1175 1583 1518 1643 minorumque
1544 1583 1932 1631 Seminariorum

493 1686 623 1719 curae
657 1671 895 1732 anteponi
925 1669 1115 1718 debeat.
1182 1669 1397 1728 Utraque
1436 1668 1571 1715 enim
1612 1667 1842 1730 Episcopi
1877 1684 1937 1715 eo

493 1756 665 1816 majori
692 1755 1029 1802 sollicitudine
1053 1760 1100 1800 et
1125 1753 1300 1803 affeetu
1327 1753 1550 1813 prosequi
1575 1751 1769 1807 debent,
1805 1752 1936 1814 quod

492 1840 542 1887 in
569 1840 691 1902 ipsis
713 1839 941 1895 resideat,
963 1854 1046 1901 pro
1081 1838 1255 1892 futuro,
1295 1852 1407 1898 spes
1446 1835 1720 1892 sacerdotii,
1757 1836 1934 1883 divini-

492 1942 587 1987 que
638 1925 913 1980 ministerii‚
970 1923 1017 1970 id
1062 1930 1151 1976 est,
1195 1922 1359 1982 gloriae
1404 1921 1513 1975 Dei,
1558 1921 1935 1982 animarumque

495 2011 686 2057 salutis.
754 2010 880 2071 Ipsis
905 2009 1065 2069 itaque
1101 2008 1223 2054 tales
1263 2005 1543 2066 Superiores
1581 2005 1935 2066 magistrosque

494 2110 687 2157 semper
740 2095 981 2157 praeficere
1036 2098 1220 2146 curent,
1270 2090 1354 2150 qui
1409 2090 1640 2138 alumnos
1684 2090 1934 2150 pietatem,

493 2180 931 2240 innocentiumque
972 2178 1098 2231 vitae,
1122 2193 1179 2224 ac
1216 2175 1547 2222 humanarum
1587 2188 1932 2235 sacrarumque

493 2266 764 2313 litterarum
794 2263 1052 2312 scientiam
1078 2267 1304 2308 accurate
1329 2258 1580 2306 edoceant.

560 2350 655 2398 Sed
682 2350 934 2411 quoniam,
976 2354 1026 2394 ut
1064 2345 1225 2393 studia
1266 2343 1520 2405 proficiant
1558 2342 1608 2388 in
1652 2341 1845 2398 melius,
1888 2349 1936 2391 et

494 2435 699 2483 tandem
739 2434 959 2487 floreant,
995 2431 1117 2479 nihil
1161 2429 1319 2490 magis
1355 2428 1474 2474 utile
1517 2424 1723 2473 inveniri
1763 2432 1935 2487 potest,

495 2537 647 2582 quam
673 2528 725 2568 ut
749 2527 877 2567 recte
901 2517 1254 2580 prudenterque
1278 2519 1509 2573 gerantur
1533 2510 1726 2571 negotia
1750 2517 1934 2572 tempo-

494 2607 616 2654 ralia
642 2605 1041 2655 Seminariorum,
1066 2608 1115 2648 et
1154 2615 1233 2662 per
1270 2598 1400 2645 hanc
1444 2594 1743 2643 laudabilem
1779 2594 1936 2641 admi-

496 2691 859 2744 nistra-tionem,
884 2686 1046 2734 omnis
1072 2691 1233 2732 metus
1268 2683 1395 2729 circa
1420 2694 1587 2727 eorum
1619 2678 1935 2726 existentiam

498 2785 584 2824 aut
628 2775 1012 2838 prosperitatem,
1056 2786 1149 2818 nec
1193 2784 1292 2816 non
1338 2766 1466 2814 circa
1513 2763 1819 2825 Superiorum
1880 2780 1937 2811 ac
