<?xml version="1.0" encoding="UTF-8"?>
<!DOCTYPE html PUBLIC "-//W3C//DTD XHTML 1.0 Transitional//EN"
    "http://www.w3.org/TR/xhtml1/DTD/xhtml1-transitional.dtd">
<html xmlns="http://www.w3.org/1999/xhtml" xml:lang="en" lang="en">
 <head>
  <title>
</title>
<meta http-equiv="Content-Type" content="text/html;charset=utf-8" />
  <meta name='ocr-system' content='tesseract 3.04.00' />
  <meta name='ocr-capabilities' content='ocr_page ocr_carea ocr_par ocr_line ocrx_word'/>
</head>
<body>
  <div class='ocr_page' id='page_1' title='image "./cihm_04551_0072.png"; bbox 0 0 2388 3416; ppageno 0'>
   <div class='ocr_carea' id='block_1_1' title="bbox 20 460 206 597">
    <p class='ocr_par' dir='ltr' id='par_1_1' title="bbox 20 460 206 597">
     <span class='ocr_line' id='line_1_1' title="bbox 33 460 206 518; baseline 0 -8"><span class='ocrx_word' id='word_1_1' title='bbox 33 460 206 518; x_wconf 76' lang='lat' dir='ltr'><strong>voluti,</strong></span> 
     </span>
     <span class='ocr_line' id='line_1_2' title="bbox 20 546 204 597; baseline 0.011 -2"><span class='ocrx_word' id='word_1_2' title='bbox 20 546 204 597; x_wconf 72' lang='lat' dir='ltr'><strong>nostris</strong></span> 
     </span>
    </p>
   </div>
   <div class='ocr_carea' id='block_1_2' title="bbox 22 969 79 1016">
    <p class='ocr_par' dir='ltr' id='par_1_2' title="bbox 22 969 79 1016">
     <span class='ocr_line' id='line_1_3' title="bbox 22 969 79 1016; baseline -0.035 0"><span class='ocrx_word' id='word_1_3' title='bbox 22 969 79 1016; x_wconf 87' lang='lat' dir='ltr'><strong>is.</strong></span> 
     </span>
    </p>
   </div>
   <div class='ocr_carea' id='block_1_3' title="bbox 14 1053 186 1102">
    <p class='ocr_par' dir='ltr' id='par_1_3' title="bbox 14 1053 186 1102">
     <span class='ocr_line' id='line_1_4' title="bbox 14 1053 186 1102; baseline -0.012 -1"><span class='ocrx_word' id='word_1_4' title='bbox 14 1053 186 1102; x_wconf 81' lang='lat' dir='ltr'><strong>iensis.</strong></span> 
     </span>
    </p>
   </div>
   <div class='ocr_carea' id='block_1_4' title="bbox 19 1309 219 1527">
    <p class='ocr_par' dir='ltr' id='par_1_4' title="bbox 19 1309 219 1527">
     <span class='ocr_line' id='line_1_5' title="bbox 19 1309 101 1357; baseline -0.024 0"><span class='ocrx_word' id='word_1_5' title='bbox 19 1309 101 1357; x_wconf 82' lang='lat' dir='ltr'><strong>sis.</strong></span> 
     </span>
     <span class='ocr_line' id='line_1_6' title="bbox 31 1394 118 1442; baseline -0.011 0"><span class='ocrx_word' id='word_1_6' title='bbox 31 1394 118 1442; x_wconf 76' lang='lat' dir='ltr'><strong>sis.</strong></span> 
     </span>
     <span class='ocr_line' id='line_1_7' title="bbox 28 1476 219 1527; baseline -0.005 -1"><span class='ocrx_word' id='word_1_7' title='bbox 28 1476 219 1527; x_wconf 81' lang='lat' dir='ltr'><strong>Sando-</strong></span> 
     </span>
    </p>
   </div>
   <div class='ocr_carea' id='block_1_5' title="bbox 0 1731 217 1781">
    <p class='ocr_par' dir='ltr' id='par_1_5' title="bbox 0 1731 217 1781">
     <span class='ocr_line' id='line_1_8' title="bbox 0 1731 217 1781; baseline -0.005 -2"><span class='ocrx_word' id='word_1_8' title='bbox 0 1731 217 1781; x_wconf 80' lang='lat' dir='ltr'><strong>ontinus.</strong></span> 
     </span>
    </p>
   </div>
   <div class='ocr_carea' id='block_1_6' title="bbox 0 2221 222 2325">
    <p class='ocr_par' dir='ltr' id='par_1_6' title="bbox 0 2221 222 2325">
     <span class='ocr_line' id='line_1_9' title="bbox 42 2221 222 2252; baseline -0.011 0"><span class='ocrx_word' id='word_1_9' title='bbox 42 2221 222 2252; x_wconf 75' lang='lat' dir='ltr'><strong>Ammrffl</strong></span> 
     </span>
     <span class='ocr_line' id='line_1_10' title="bbox 0 2289 152 2325; baseline 0.007 -7"><span class='ocrx_word' id='word_1_10' title='bbox 0 2289 143 2325; x_wconf 71' lang='lat' dir='ltr'><strong>nlo-uos</strong></span> <span class='ocrx_word' id='word_1_11' title='bbox 148 2302 152 2311; x_wconf 76' lang='lat'><em>2</em></span> 
     </span>
    </p>
   </div>
   <div class='ocr_carea' id='block_1_7' title="bbox 0 2638 232 2866">
    <p class='ocr_par' dir='ltr' id='par_1_7' title="bbox 0 2638 232 2866">
     <span class='ocr_line' id='line_1_11' title="bbox 0 2638 230 2689; baseline 0.004 -1"><span class='ocrx_word' id='word_1_12' title='bbox 0 2638 230 2689; x_wconf 83' lang='lat' dir='ltr'><strong>stolicam</strong></span> 
     </span>
     <span class='ocr_line' id='line_1_12' title="bbox 0 2725 229 2774; baseline -0.004 0"><span class='ocrx_word' id='word_1_13' title='bbox 0 2725 229 2774; x_wconf 89' lang='lat' dir='ltr'><strong>ntissime</strong></span> 
     </span>
     <span class='ocr_line' id='line_1_13' title="bbox 0 2808 232 2866; baseline 0.009 -11"><span class='ocrx_word' id='word_1_14' title='bbox 0 2810 40 2858; x_wconf 65' lang='lat' dir='ltr'><strong>,ii</strong></span> <span class='ocrx_word' id='word_1_15' title='bbox 72 2808 232 2866; x_wconf 85' lang='lat' dir='ltr'><strong>datas,</strong></span> 
     </span>
    </p>
   </div>
   <div class='ocr_carea' id='block_1_8' title="bbox 506 355 1953 1045">
    <p class='ocr_par' dir='ltr' id='par_1_8' title="bbox 506 355 1953 1045">
     <span class='ocr_line' id='line_1_14' title="bbox 1013 355 1953 410; baseline 0.005 -5"><span class='ocrx_word' id='word_1_16' title='bbox 1013 363 1351 406; x_wconf 67' lang='lat' dir='ltr'><strong>rnovmomzr:</strong></span> <span class='ocrx_word' id='word_1_17' title='bbox 1374 364 1450 406; x_wconf 67' lang='grc' dir='ltr'><strong>ιη.</strong></span> <span class='ocrx_word' id='word_1_18' title='bbox 1889 355 1953 410; x_wconf 78' lang='grc'><strong>67</strong></span> 
     </span>
     <span class='ocr_line' id='line_1_15' title="bbox 508 461 1951 536; baseline 0.005 -15"><span class='ocrx_word' id='word_1_19' title='bbox 508 461 705 536; x_wconf 56' lang='lat' dir='ltr'><strong>quibus,</strong></span> <span class='ocrx_word' id='word_1_20' title='bbox 760 466 1081 523; x_wconf 71' lang='lat' dir='ltr'><strong>venerabiles</strong></span> <span class='ocrx_word' id='word_1_21' title='bbox 1135 476 1340 534; x_wconf 76' lang='lat' dir='ltr'><strong>FratreS‚</strong></span> <span class='ocrx_word' id='word_1_22' title='bbox 1383 476 1538 525; x_wconf 83' lang='lat' dir='ltr'><strong>Nobis</strong></span> <span class='ocrx_word' id='word_1_23' title='bbox 1585 477 1794 527; x_wconf 83' lang='lat' dir='ltr'><strong>misistis</strong></span> <span class='ocrx_word' id='word_1_24' title='bbox 1836 485 1951 528; x_wconf 82' lang='lat' dir='ltr'><strong>acta</strong></span> 
     </span>
     <span class='ocr_line' id='line_1_16' title="bbox 506 562 1949 622; baseline 0.003 -11"><span class='ocrx_word' id='word_1_25' title='bbox 506 563 637 611; x_wconf 81' lang='lat' dir='ltr'><strong>tertii</strong></span> <span class='ocrx_word' id='word_1_26' title='bbox 660 562 982 610; x_wconf 85' lang='lat' dir='ltr'><strong>Provincialis</strong></span> <span class='ocrx_word' id='word_1_27' title='bbox 1018 564 1231 612; x_wconf 86' lang='lat' dir='ltr'><strong>Concilii</strong></span> <span class='ocrx_word' id='word_1_28' title='bbox 1269 580 1299 612; x_wconf 91' lang='lat' dir='ltr'><strong>a</strong></span> <span class='ocrx_word' id='word_1_29' title='bbox 1320 564 1474 612; x_wconf 79' lang='lat' dir='ltr'><strong>Vobis</strong></span> <span class='ocrx_word' id='word_1_30' title='bbox 1510 565 1854 622; x_wconf 83' lang='lat' dir='ltr'><strong>concelebrati,</strong></span> <span class='ocrx_word' id='word_1_31' title='bbox 1894 571 1949 616; x_wconf 82' lang='lat' dir='ltr'><strong>ut</strong></span> 
     </span>
     <span class='ocr_line' id='line_1_17' title="bbox 507 633 1952 712; baseline 0.003 -17"><span class='ocrx_word' id='word_1_32' title='bbox 507 653 620 696; x_wconf 86' lang='lat' dir='ltr'><strong>acta</strong></span> <span class='ocrx_word' id='word_1_33' title='bbox 641 648 738 696; x_wconf 87' lang='lat' dir='ltr'><strong>ista</strong></span> <span class='ocrx_word' id='word_1_34' title='bbox 762 648 997 710; x_wconf 84' lang='lat' dir='ltr'><strong>Supremo</strong></span> <span class='ocrx_word' id='word_1_35' title='bbox 1021 647 1210 705; x_wconf 82' lang='lat' dir='ltr'><strong>Nostro,</strong></span> <span class='ocrx_word' id='word_1_36' title='bbox 1232 655 1283 697; x_wconf 88' lang='lat' dir='ltr'><strong>et</strong></span> <span class='ocrx_word' id='word_1_37' title='bbox 1314 649 1460 711; x_wconf 87' lang='lat' dir='ltr'><strong>hujus</strong></span> <span class='ocrx_word' id='word_1_38' title='bbox 1483 633 1782 712; x_wconf 76' lang='lat' dir='ltr'><strong>Apostolicae</strong></span> <span class='ocrx_word' id='word_1_39' title='bbox 1806 650 1952 700; x_wconf 68' lang='lat' dir='ltr'><strong>Sedis</strong></span> 
     </span>
     <span class='ocr_line' id='line_1_18' title="bbox 508 730 1948 793; baseline 0.002 -14"><span class='ocrx_word' id='word_1_40' title='bbox 508 730 747 786; x_wconf 82' lang='lat' dir='ltr'><strong>examini,</strong></span> <span class='ocrx_word' id='word_1_41' title='bbox 784 737 832 779; x_wconf 80' lang='lat' dir='ltr'><strong>et</strong></span> <span class='ocrx_word' id='word_1_42' title='bbox 862 730 1046 792; x_wconf 87' lang='lat' dir='ltr'><strong>judicio</strong></span> <span class='ocrx_word' id='word_1_43' title='bbox 1085 747 1146 779; x_wconf 86' lang='lat' dir='ltr'><strong>ex</strong></span> <span class='ocrx_word' id='word_1_44' title='bbox 1183 733 1426 793; x_wconf 86' lang='lat' dir='ltr'><strong>majorum</strong></span> <span class='ocrx_word' id='word_1_45' title='bbox 1466 748 1598 780; x_wconf 86' lang='lat' dir='ltr'><strong>more</strong></span> <span class='ocrx_word' id='word_1_46' title='bbox 1636 741 1685 781; x_wconf 90' lang='lat' dir='ltr'><strong>et</strong></span> <span class='ocrx_word' id='word_1_47' title='bbox 1717 734 1948 783; x_wconf 78' lang='lat' dir='ltr'><strong>instituto</strong></span> 
     </span>
     <span class='ocr_line' id='line_1_19' title="bbox 508 815 1947 879; baseline 0.003 -16"><span class='ocrx_word' id='word_1_48' title='bbox 508 816 875 878; x_wconf 71' lang='lat' dir='ltr'><strong>subjicerentur.</strong></span> <span class='ocrx_word' id='word_1_49' title='bbox 940 815 1057 873; x_wconf 85' lang='lat' dir='ltr'><strong>Nos,</strong></span> <span class='ocrx_word' id='word_1_50' title='bbox 1097 817 1235 864; x_wconf 77' lang='lat' dir='ltr'><strong>nulla·</strong></span> <span class='ocrx_word' id='word_1_51' title='bbox 1256 817 1540 879; x_wconf 85' lang='lat' dir='ltr'><strong>interposita</strong></span> <span class='ocrx_word' id='word_1_52' title='bbox 1566 833 1715 875; x_wconf 84' lang='lat' dir='ltr'><strong>mora,</strong></span> <span class='ocrx_word' id='word_1_53' title='bbox 1757 818 1947 868; x_wconf 81' lang='lat' dir='ltr'><strong>Nostrae</strong></span> 
     </span>
     <span class='ocr_line' id='line_1_20' title="bbox 511 898 1946 964; baseline 0.003 -18"><span class='ocrx_word' id='word_1_54' title='bbox 511 898 894 961; x_wconf 84' lang='lat' dir='ltr'><strong>Congregationi</strong></span> <span class='ocrx_word' id='word_1_55' title='bbox 935 898 1052 947; x_wconf 86' lang='lat' dir='ltr'><strong>fidei</strong></span> <span class='ocrx_word' id='word_1_56' title='bbox 1096 899 1417 962; x_wconf 57' lang='lat' dir='ltr'><strong>propagandae</strong></span> <span class='ocrx_word' id='word_1_57' title='bbox 1458 902 1722 964; x_wconf 75' lang='lat' dir='ltr'><strong>praep‘ositae</strong></span> <span class='ocrx_word' id='word_1_58' title='bbox 1765 901 1946 951; x_wconf 84' lang='lat' dir='ltr'><strong>eadem</strong></span> 
     </span>
     <span class='ocr_line' id='line_1_21' title="bbox 515 982 1953 1045; baseline 0.001 -13"><span class='ocrx_word' id='word_1_59' title='bbox 515 993 626 1032; x_wconf 80' lang='lat' dir='ltr'><strong>acta</strong></span> <span class='ocrx_word' id='word_1_60' title='bbox 661 982 1058 1045; x_wconf 85' lang='lat' dir='ltr'><strong>recognoscenda</strong></span> <span class='ocrx_word' id='word_1_61' title='bbox 1095 984 1457 1040; x_wconf 81' lang='lat' dir='ltr'><strong>commisimus,</strong></span> <span class='ocrx_word' id='word_1_62' title='bbox 1490 990 1543 1032; x_wconf 92' lang='lat' dir='ltr'><strong>ut</strong></span> <span class='ocrx_word' id='word_1_63' title='bbox 1577 986 1746 1033; x_wconf 79' lang='lat' dir='ltr'><strong>omnia</strong></span> <span class='ocrx_word' id='word_1_64' title='bbox 1777 985 1953 1034; x_wconf 84' lang='lat' dir='ltr'><strong>sedulo</strong></span> 
     </span>
    </p>
   </div>
   <div class='ocr_carea' id='block_1_9' title="bbox 510 1067 1953 1215">
    <p class='ocr_par' dir='ltr' id='par_1_9' title="bbox 510 1067 1953 1215">
     <span class='ocr_line' id='line_1_22' title="bbox 510 1067 1952 1130; baseline 0.001 -13"><span class='ocrx_word' id='word_1_65' title='bbox 510 1080 575 1118; x_wconf 83' lang='lat' dir='ltr'><strong>ex</strong></span> <span class='ocrx_word' id='word_1_66' title='bbox 595 1084 731 1117; x_wconf 86' lang='lat' dir='ltr'><strong>more</strong></span> <span class='ocrx_word' id='word_1_67' title='bbox 766 1067 1045 1130; x_wconf 80' lang='lat' dir='ltr'>perpendat,</span> <span class='ocrx_word' id='word_1_68' title='bbox 1084 1073 1132 1115; x_wconf 89' lang='lat' dir='ltr'><strong>et</strong></span> <span class='ocrx_word' id='word_1_69' title='bbox 1167 1073 1393 1116; x_wconf 80' lang='lat' dir='ltr'><strong>accurate</strong></span> <span class='ocrx_word' id='word_1_70' title='bbox 1429 1068 1491 1116; x_wconf 90' lang='lat' dir='ltr'><strong>ad</strong></span> <span class='ocrx_word' id='word_1_71' title='bbox 1528 1068 1631 1117; x_wconf 88' lang='lat' dir='ltr'><strong>Nos</strong></span> <span class='ocrx_word' id='word_1_72' title='bbox 1653 1069 1851 1128; x_wconf 84' lang='lat' dir='ltr'><strong>deferat,</strong></span> <span class='ocrx_word' id='word_1_73' title='bbox 1892 1087 1952 1120; x_wconf 87' lang='lat' dir='ltr'><strong>ac</strong></span> 
     </span>
     <span class='ocr_line' id='line_1_23' title="bbox 515 1142 1953 1215; baseline 0.001 -13"><span class='ocrx_word' id='word_1_74' title='bbox 515 1153 695 1202; x_wconf 85' lang='lat' dir='ltr'><strong>deinde</strong></span> <span class='ocrx_word' id='word_1_75' title='bbox 745 1166 1021 1214; x_wconf 86' lang='lat' dir='ltr'><strong>congruum</strong></span> <span class='ocrx_word' id='word_1_76' title='bbox 1067 1142 1218 1200; x_wconf 87' lang='lat' dir='ltr'>Vobis</span> <span class='ocrx_word' id='word_1_77' title='bbox 1256 1151 1337 1200; x_wconf 90' lang='lat' dir='ltr'><strong>det</strong></span> <span class='ocrx_word' id='word_1_78' title='bbox 1375 1168 1680 1215; x_wconf 85' lang='lat' dir='ltr'><strong>responsum.</strong></span> <span class='ocrx_word' id='word_1_79' title='bbox 1743 1155 1953 1204; x_wconf 81' lang='lat' dir='ltr'><strong>Interim</strong></span> 
     </span>
    </p>
   </div>
   <div class='ocr_carea' id='block_1_10' title="bbox 471 1223 1954 1301">
    <p class='ocr_par' dir='ltr' id='par_1_10' title="bbox 471 1223 1954 1301">
     <span class='ocr_line' id='line_1_24' title="bbox 471 1223 1954 1301; baseline 0 -14"><span class='ocrx_word' id='word_1_80' title='bbox 471 1223 625 1287; x_wconf 48' lang='lat' dir='ltr'><strong>&#39;vero</strong></span> <span class='ocrx_word' id='word_1_81' title='bbox 669 1237 821 1285; x_wconf 87' lang='lat' dir='ltr'><strong>Vobis</strong></span> <span class='ocrx_word' id='word_1_82' title='bbox 875 1252 937 1284; x_wconf 83' lang='lat' dir='ltr'><strong>ex</strong></span> <span class='ocrx_word' id='word_1_83' title='bbox 987 1236 1158 1285; x_wconf 89' lang='lat' dir='ltr'><strong>animo</strong></span> <span class='ocrx_word' id='word_1_84' title='bbox 1211 1237 1526 1298; x_wconf 80' lang='lat' dir='ltr'><strong>gratulamur,</strong></span> <span class='ocrx_word' id='word_1_85' title='bbox 1570 1236 1632 1285; x_wconf 89' lang='lat' dir='ltr'><strong>de</strong></span> <span class='ocrx_word' id='word_1_86' title='bbox 1685 1239 1954 1301; x_wconf 87' lang='lat' dir='ltr'><strong>episcopali</strong></span> 
     </span>
    </p>
   </div>
   <div class='ocr_carea' id='block_1_11' title="bbox 500 1321 1954 2826">
    <p class='ocr_par' dir='ltr' id='par_1_11' title="bbox 500 1321 1954 2826">
     <span class='ocr_line' id='line_1_25' title="bbox 512 1321 1954 1386; baseline 0 -14"><span class='ocrx_word' id='word_1_87' title='bbox 512 1321 863 1379; x_wconf 85' lang='lat' dir='ltr'><strong>sollicitudine,</strong></span> <span class='ocrx_word' id='word_1_88' title='bbox 907 1337 1004 1383; x_wconf 88' lang='lat' dir='ltr'><strong>qua</strong></span> <span class='ocrx_word' id='word_1_89' title='bbox 1032 1328 1474 1370; x_wconf 81' lang='lat' dir='ltr'><strong>commemoratum</strong></span> <span class='ocrx_word' id='word_1_90' title='bbox 1503 1323 1786 1372; x_wconf 86' lang='lat' dir='ltr'><strong>Concilium</strong></span> <span class='ocrx_word' id='word_1_91' title='bbox 1816 1334 1954 1386; x_wconf 86' lang='lat' dir='ltr'><strong>pera-</strong></span> 
     </span>
     <span class='ocr_line' id='line_1_26' title="bbox 509 1405 1952 1471; baseline -0.001 -14"><span class='ocrx_word' id='word_1_92' title='bbox 509 1408 730 1471; x_wconf 85' lang='lat' dir='ltr'><strong>gendum</strong></span> <span class='ocrx_word' id='word_1_93' title='bbox 752 1406 974 1455; x_wconf 64' lang='lat' dir='ltr'><strong>curastis</strong></span> <span class='ocrx_word' id='word_1_94' title='bbox 1060 1407 1134 1453; x_wconf 87' lang='lat' dir='ltr'><strong>Ex</strong></span> <span class='ocrx_word' id='word_1_95' title='bbox 1157 1405 1347 1453; x_wconf 87' lang='lat' dir='ltr'><strong>eisdem</strong></span> <span class='ocrx_word' id='word_1_96' title='bbox 1368 1411 1536 1454; x_wconf 88' lang='lat' dir='ltr'><strong>autem</strong></span> <span class='ocrx_word' id='word_1_97' title='bbox 1560 1406 1750 1455; x_wconf 83' lang='lat' dir='ltr'><strong>Vestris</strong></span> <span class='ocrx_word' id='word_1_98' title='bbox 1772 1408 1952 1456; x_wconf 89' lang='lat' dir='ltr'><strong>Literis</strong></span> 
     </span>
     <span class='ocr_line' id='line_1_27' title="bbox 510 1490 1953 1554; baseline 0 -12"><span class='ocrx_word' id='word_1_99' title='bbox 510 1492 670 1554; x_wconf 74' lang='lat' dir='ltr'><strong>magis</strong></span> <span class='ocrx_word' id='word_1_100' title='bbox 712 1491 971 1552; x_wconf 77' lang='lat' dir='ltr'><strong>magisque</strong></span> <span class='ocrx_word' id='word_1_101' title='bbox 1009 1490 1323 1552; x_wconf 83' lang='lat' dir='ltr'><strong>agnovimus,</strong></span> <span class='ocrx_word' id='word_1_102' title='bbox 1355 1496 1540 1552; x_wconf 81' lang='lat' dir='ltr'><strong>quanta</strong></span> <span class='ocrx_word' id='word_1_103' title='bbox 1573 1490 1690 1548; x_wconf 92' lang='lat' dir='ltr'><strong>Nos,</strong></span> <span class='ocrx_word' id='word_1_104' title='bbox 1729 1498 1780 1540; x_wconf 86' lang='lat' dir='ltr'><strong>et</strong></span> <span class='ocrx_word' id='word_1_105' title='bbox 1819 1491 1953 1542; x_wconf 84' lang='lat' dir='ltr'><strong>hanc</strong></span> 
     </span>
     <span class='ocr_line' id='line_1_28' title="bbox 510 1573 1950 1638; baseline -0.001 -13"><span class='ocrx_word' id='word_1_106' title='bbox 510 1577 640 1626; x_wconf 89' lang='lat' dir='ltr'><strong>Petri</strong></span> <span class='ocrx_word' id='word_1_107' title='bbox 680 1573 980 1623; x_wconf 77' lang='lat' dir='ltr'><strong>cathedram</strong></span> <span class='ocrx_word' id='word_1_108' title='bbox 1017 1573 1129 1630; x_wconf 84' lang='lat' dir='ltr'><strong>fide,</strong></span> <span class='ocrx_word' id='word_1_109' title='bbox 1151 1589 1330 1630; x_wconf 85' lang='lat' dir='ltr'><strong>amore,</strong></span> <span class='ocrx_word' id='word_1_110' title='bbox 1362 1581 1412 1622; x_wconf 89' lang='lat' dir='ltr'><strong>et</strong></span> <span class='ocrx_word' id='word_1_111' title='bbox 1449 1574 1758 1624; x_wconf 85' lang='lat' dir='ltr'><strong>observantia</strong></span> <span class='ocrx_word' id='word_1_112' title='bbox 1790 1591 1950 1638; x_wconf 89' lang='lat' dir='ltr'><strong>prose-</strong></span> 
     </span>
     <span class='ocr_line' id='line_1_29' title="bbox 509 1657 1951 1725; baseline -0.001 -15"><span class='ocrx_word' id='word_1_113' title='bbox 509 1660 751 1725; x_wconf 87' lang='lat' dir='ltr'><strong>quamini,</strong></span> <span class='ocrx_word' id='word_1_114' title='bbox 784 1667 833 1708; x_wconf 89' lang='lat' dir='ltr'><strong>et</strong></span> <span class='ocrx_word' id='word_1_115' title='bbox 854 1664 1040 1721; x_wconf 85' lang='lat' dir='ltr'><strong>quanto</strong></span> <span class='ocrx_word' id='word_1_116' title='bbox 1063 1658 1115 1706; x_wconf 91' lang='lat' dir='ltr'><strong>in</strong></span> <span class='ocrx_word' id='word_1_117' title='bbox 1138 1657 1298 1706; x_wconf 68' lang='lat' dir='ltr'><strong>dolore</strong></span> <span class='ocrx_word' id='word_1_118' title='bbox 1318 1658 1599 1714; x_wconf 81' lang='lat' dir='ltr'><strong>versemini,</strong></span> <span class='ocrx_word' id='word_1_119' title='bbox 1633 1658 1951 1708; x_wconf 74' lang='lat' dir='ltr'><strong>venerabiles</strong></span> 
     </span>
     <span class='ocr_line' id='line_1_30' title="bbox 511 1745 1952 1808; baseline 0 -12"><span class='ocrx_word' id='word_1_120' title='bbox 511 1748 719 1803; x_wconf 84' lang='lat' dir='ltr'><strong>Fratres,</strong></span> <span class='ocrx_word' id='word_1_121' title='bbox 763 1751 953 1808; x_wconf 88' lang='lat' dir='ltr'><strong>propter</strong></span> <span class='ocrx_word' id='word_1_122' title='bbox 993 1745 1312 1807; x_wconf 82' lang='lat' dir='ltr'><strong>gravissimas</strong></span> <span class='ocrx_word' id='word_1_123' title='bbox 1351 1745 1553 1793; x_wconf 86' lang='lat' dir='ltr'><strong>Nostras</strong></span> <span class='ocrx_word' id='word_1_124' title='bbox 1591 1746 1882 1796; x_wconf 82' lang='lat' dir='ltr'><strong>acerbitates</strong></span> <span class='ocrx_word' id='word_1_125' title='bbox 1919 1764 1952 1797; x_wconf 87' lang='lat' dir='ltr'><strong>a</strong></span> 
     </span>
     <span class='ocr_line' id='line_1_31' title="bbox 508 1829 1947 1891; baseline -0.001 -10"><span class='ocrx_word' id='word_1_126' title='bbox 508 1833 602 1881; x_wconf 91' lang='lat' dir='ltr'><strong>Dei</strong></span> <span class='ocrx_word' id='word_1_127' title='bbox 625 1830 984 1891; x_wconf 84' lang='lat' dir='ltr'><strong>hominumque</strong></span> <span class='ocrx_word' id='word_1_128' title='bbox 1007 1829 1232 1878; x_wconf 83' lang='lat' dir='ltr'><strong>hostibus</strong></span> <span class='ocrx_word' id='word_1_129' title='bbox 1253 1830 1508 1886; x_wconf 85' lang='lat' dir='ltr'><strong>excitatas,</strong></span> <span class='ocrx_word' id='word_1_130' title='bbox 1531 1830 1616 1891; x_wconf 89' lang='lat' dir='ltr'><strong>qui</strong></span> <span class='ocrx_word' id='word_1_131' title='bbox 1633 1831 1947 1880; x_wconf 77' lang='lat' dir='ltr'><strong>ambulantes</strong></span> 
     </span>
     <span class='ocr_line' id='line_1_32' title="bbox 508 1913 1949 1978; baseline 0 -13"><span class='ocrx_word' id='word_1_132' title='bbox 508 1918 561 1966; x_wconf 90' lang='lat' dir='ltr'><strong>in</strong></span> <span class='ocrx_word' id='word_1_133' title='bbox 604 1915 959 1978; x_wconf 72' lang='lat' dir='ltr'><strong>impietatibu8‚</strong></span> <span class='ocrx_word' id='word_1_134' title='bbox 997 1920 1046 1963; x_wconf 90' lang='lat' dir='ltr'><strong>et</strong></span> <span class='ocrx_word' id='word_1_135' title='bbox 1079 1917 1185 1976; x_wconf 87' lang='lat' dir='ltr'><strong>jura</strong></span> <span class='ocrx_word' id='word_1_136' title='bbox 1223 1915 1393 1963; x_wconf 89' lang='lat' dir='ltr'><strong>omnia</strong></span> <span class='ocrx_word' id='word_1_137' title='bbox 1430 1913 1601 1963; x_wconf 84' lang='lat' dir='ltr'><strong>divina</strong></span> <span class='ocrx_word' id='word_1_138' title='bbox 1639 1920 1688 1964; x_wconf 88' lang='lat' dir='ltr'><strong>et</strong></span> <span class='ocrx_word' id='word_1_139' title='bbox 1725 1916 1949 1965; x_wconf 83' lang='lat' dir='ltr'><strong>humana</strong></span> 
     </span>
     <span class='ocr_line' id='line_1_33' title="bbox 504 1986 1943 2064; baseline -0.001 -13"><span class='ocrx_word' id='word_1_140' title='bbox 504 2002 873 2056; x_wconf 80' lang='lat' dir='ltr'><strong>conculcantes,</strong></span> <span class='ocrx_word' id='word_1_141' title='bbox 907 1999 1202 2048; x_wconf 87' lang='lat' dir='ltr'><strong>acerrimum</strong></span> <span class='ocrx_word' id='word_1_142' title='bbox 1233 1998 1503 2047; x_wconf 70' lang='lat' dir='ltr'><strong>Catholicae</strong></span> <span class='ocrx_word' id='word_1_143' title='bbox 1538 1986 1793 2058; x_wconf 77' lang='lat' dir='ltr'><strong>Echesiae,</strong></span> <span class='ocrx_word' id='word_1_144' title='bbox 1818 2002 1943 2064; x_wconf 87' lang='lat' dir='ltr'><strong>Apo·</strong></span> 
     </span>
     <span class='ocr_line' id='line_1_34' title="bbox 508 2082 1947 2145; baseline -0.001 -10"><span class='ocrx_word' id='word_1_145' title='bbox 508 2087 694 2135; x_wconf 87' lang='lat' dir='ltr'><strong>stolicae</strong></span> <span class='ocrx_word' id='word_1_146' title='bbox 738 2085 855 2133; x_wconf 90' lang='lat' dir='ltr'><strong>huic</strong></span> <span class='ocrx_word' id='word_1_147' title='bbox 901 2083 1028 2140; x_wconf 91' lang='lat' dir='ltr'><strong>Sedi,</strong></span> <span class='ocrx_word' id='word_1_148' title='bbox 1069 2084 1318 2145; x_wconf 84' lang='lat' dir='ltr'><strong>Nobisque</strong></span> <span class='ocrx_word' id='word_1_149' title='bbox 1363 2082 1577 2131; x_wconf 84' lang='lat' dir='ltr'><strong>inferunt</strong></span> <span class='ocrx_word' id='word_1_150' title='bbox 1632 2083 1835 2142; x_wconf 87' lang='lat' dir='ltr'><strong>bellum,</strong></span> <span class='ocrx_word' id='word_1_151' title='bbox 1896 2093 1947 2134; x_wconf 87' lang='lat' dir='ltr'><strong>et</strong></span> 
     </span>
     <span class='ocr_line' id='line_1_35' title="bbox 507 2166 1941 2230; baseline -0.001 -11"><span class='ocrx_word' id='word_1_152' title='bbox 507 2172 709 2220; x_wconf 87' lang='lat' dir='ltr'><strong>civilem</strong></span> <span class='ocrx_word' id='word_1_153' title='bbox 734 2169 983 2226; x_wconf 86' lang='lat' dir='ltr'><strong>Nostrum,</strong></span> <span class='ocrx_word' id='word_1_154' title='bbox 1007 2174 1153 2229; x_wconf 87' lang='lat' dir='ltr'><strong>atque</strong></span> <span class='ocrx_word' id='word_1_155' title='bbox 1178 2166 1401 2229; x_wconf 82' lang='lat' dir='ltr'><strong>ejusdem</strong></span> <span class='ocrx_word' id='word_1_156' title='bbox 1437 2167 1576 2216; x_wconf 84' lang='lat' dir='ltr'><strong>Sedis</strong></span> <span class='ocrx_word' id='word_1_157' title='bbox 1611 2168 1941 2230; x_wconf 84' lang='lat' dir='ltr'><strong>principatum</strong></span> 
     </span>
     <span class='ocr_line' id='line_1_36' title="bbox 504 2250 1943 2314; baseline -0.002 -9"><span class='ocrx_word' id='word_1_158' title='bbox 504 2257 710 2305; x_wconf 87' lang='lat' dir='ltr'><strong>omnino</strong></span> <span class='ocrx_word' id='word_1_159' title='bbox 731 2254 976 2303; x_wconf 86' lang='lat' dir='ltr'><strong>destruere</strong></span> <span class='ocrx_word' id='word_1_160' title='bbox 998 2253 1183 2300; x_wconf 80' lang='lat' dir='ltr'><strong>volunt.</strong></span> <span class='ocrx_word' id='word_1_161' title='bbox 1231 2253 1330 2309; x_wconf 81' lang='lat' dir='ltr'><strong>Qui</strong></span> <span class='ocrx_word' id='word_1_162' title='bbox 1353 2250 1553 2314; x_wconf 87' lang='lat' dir='ltr'><strong>quidem</strong></span> <span class='ocrx_word' id='word_1_163' title='bbox 1575 2252 1754 2314; x_wconf 87' lang='lat' dir='ltr'><strong>egregii</strong></span> <span class='ocrx_word' id='word_1_164' title='bbox 1779 2252 1943 2302; x_wconf 85' lang='lat' dir='ltr'><strong>Vestri</strong></span> 
     </span>
     <span class='ocr_line' id='line_1_37' title="bbox 503 2329 1939 2399; baseline -0.002 -10"><span class='ocrx_word' id='word_1_165' title='bbox 503 2354 678 2389; x_wconf 84' lang='lat' dir='ltr'><strong>sensus</strong></span> <span class='ocrx_word' id='word_1_166' title='bbox 700 2338 839 2387; x_wconf 87' lang='lat' dir='ltr'><strong>omni</strong></span> <span class='ocrx_word' id='word_1_167' title='bbox 863 2329 1007 2385; x_wconf 82' lang='lat' dir='ltr'><strong>laude</strong></span> <span class='ocrx_word' id='word_1_168' title='bbox 1031 2335 1311 2399; x_wconf 87' lang='lat' dir='ltr'><strong>dignissimi</strong></span> <span class='ocrx_word' id='word_1_169' title='bbox 1335 2350 1531 2383; x_wconf 86' lang='lat' dir='ltr'><strong>summo</strong></span> <span class='ocrx_word' id='word_1_170' title='bbox 1555 2336 1707 2384; x_wconf 86' lang='lat' dir='ltr'><strong>Nobis</strong></span> <span class='ocrx_word' id='word_1_171' title='bbox 1747 2337 1939 2395; x_wconf 84' lang='lat' dir='ltr'><strong>solatio,</strong></span> 
     </span>
     <span class='ocr_line' id='line_1_38' title="bbox 502 2420 1943 2483; baseline -0.002 -10"><span class='ocrx_word' id='word_1_172' title='bbox 502 2431 551 2473; x_wconf 88' lang='lat' dir='ltr'><strong>et</strong></span> <span class='ocrx_word' id='word_1_173' title='bbox 605 2421 937 2472; x_wconf 88' lang='lat' dir='ltr'><strong>consolationi</strong></span> <span class='ocrx_word' id='word_1_174' title='bbox 992 2421 1202 2477; x_wconf 85' lang='lat' dir='ltr'><strong>fuerunt,</strong></span> <span class='ocrx_word' id='word_1_175' title='bbox 1253 2421 1381 2469; x_wconf 87' lang='lat' dir='ltr'><strong>inter</strong></span> <span class='ocrx_word' id='word_1_176' title='bbox 1433 2420 1694 2476; x_wconf 87' lang='lat' dir='ltr'><strong>maximas,</strong></span> <span class='ocrx_word' id='word_1_177' title='bbox 1759 2421 1943 2483; x_wconf 87' lang='lat' dir='ltr'><strong>quibus-</strong></span> 
     </span>
     <span class='ocr_line' id='line_1_39' title="bbox 500 2503 1943 2571; baseline -0.003 -13"><span class='ocrx_word' id='word_1_178' title='bbox 500 2509 782 2571; x_wconf 76' lang='lat' dir='ltr'><strong>premimur,</strong></span> <span class='ocrx_word' id='word_1_179' title='bbox 826 2506 1084 2568; x_wconf 85' lang='lat' dir='ltr'><strong>angustias</strong></span> <span class='ocrx_word' id='word_1_180' title='bbox 1126 2512 1175 2554; x_wconf 90' lang='lat' dir='ltr'><strong>et</strong></span> <span class='ocrx_word' id='word_1_181' title='bbox 1218 2503 1586 2553; x_wconf 84' lang='lat' dir='ltr'><strong>amaritudines.</strong></span> <span class='ocrx_word' id='word_1_182' title='bbox 1650 2504 1785 2552; x_wconf 90' lang='lat' dir='ltr'><strong>Nihil</strong></span> <span class='ocrx_word' id='word_1_183' title='bbox 1827 2521 1943 2554; x_wconf 88' lang='lat' dir='ltr'><strong>vero</strong></span> 
     </span>
     <span class='ocr_line' id='line_1_40' title="bbox 502 2590 1941 2655; baseline -0.001 -13"><span class='ocrx_word' id='word_1_184' title='bbox 502 2594 802 2648; x_wconf 73' lang='lat' dir='ltr'><strong>dubitamuS,</strong></span> <span class='ocrx_word' id='word_1_185' title='bbox 837 2592 955 2654; x_wconf 90' lang='lat' dir='ltr'><strong>quin</strong></span> <span class='ocrx_word' id='word_1_186' title='bbox 980 2591 1081 2639; x_wconf 88' lang='lat' dir='ltr'><strong>Vos</strong></span> <span class='ocrx_word' id='word_1_187' title='bbox 1103 2592 1155 2639; x_wconf 89' lang='lat' dir='ltr'><strong>in</strong></span> <span class='ocrx_word' id='word_1_188' title='bbox 1177 2591 1272 2639; x_wconf 88' lang='lat' dir='ltr'><strong>hac</strong></span> <span class='ocrx_word' id='word_1_189' title='bbox 1294 2590 1558 2653; x_wconf 82' lang='lat' dir='ltr'><strong>proesertim</strong></span> <span class='ocrx_word' id='word_1_190' title='bbox 1592 2596 1731 2639; x_wconf 88' lang='lat' dir='ltr'><strong>tanta</strong></span> <span class='ocrx_word' id='word_1_191' title='bbox 1763 2591 1941 2655; x_wconf 86' lang='lat' dir='ltr'><strong>impio·</strong></span> 
     </span>
     <span class='ocr_line' id='line_1_41' title="bbox 502 2675 1937 2728; baseline 0 -2"><span class='ocrx_word' id='word_1_192' title='bbox 502 2693 610 2728; x_wconf 87' lang='lat' dir='ltr'><strong>rum</strong></span> <span class='ocrx_word' id='word_1_193' title='bbox 648 2678 909 2726; x_wconf 87' lang='lat' dir='ltr'><strong>hominum</strong></span> <span class='ocrx_word' id='word_1_194' title='bbox 948 2682 1117 2725; x_wconf 85' lang='lat' dir='ltr'><strong>contra</strong></span> <span class='ocrx_word' id='word_1_195' title='bbox 1151 2675 1462 2724; x_wconf 82' lang='lat' dir='ltr'><strong>Catholicam</strong></span> <span class='ocrx_word' id='word_1_196' title='bbox 1501 2675 1780 2724; x_wconf 87' lang='lat' dir='ltr'><strong>Ecclesiam</strong></span> <span class='ocrx_word' id='word_1_197' title='bbox 1818 2692 1937 2726; x_wconf 86' lang='lat' dir='ltr'><strong>con·</strong></span> 
     </span>
     <span class='ocr_line' id='line_1_42' title="bbox 502 2759 1935 2826; baseline 0.001 -16"><span class='ocrx_word' id='word_1_198' title='bbox 502 2764 764 2826; x_wconf 87' lang='lat' dir='ltr'><strong>spiratione</strong></span> <span class='ocrx_word' id='word_1_199' title='bbox 818 2761 983 2810; x_wconf 85' lang='lat' dir='ltr'><strong>velitis</strong></span> <span class='ocrx_word' id='word_1_200' title='bbox 1037 2762 1218 2824; x_wconf 85' lang='lat' dir='ltr'><strong>majore</strong></span> <span class='ocrx_word' id='word_1_201' title='bbox 1276 2774 1432 2822; x_wconf 83' lang='lat' dir='ltr'><strong>usque</strong></span> <span class='ocrx_word' id='word_1_202' title='bbox 1496 2774 1626 2808; x_wconf 74' lang='lat' dir='ltr'><strong>cura,</strong></span> <span class='ocrx_word' id='word_1_203' title='bbox 1678 2759 1935 2824; x_wconf 80' lang='lat' dir='ltr'><strong>studioque</strong></span> 
     </span>
    </p>
   </div>
   <div class='ocr_carea' id='block_1_12' title="bbox 2296 18 2310 292">
    <p class='ocr_par' dir='ltr' id='par_1_12' title="bbox 2296 18 2310 292">
     <span class='ocr_line' id='line_1_43' title="bbox 2296 18 2310 292; textangle 90"><span class='ocrx_word' id='word_1_204' title='bbox 2297 284 2303 292; x_wconf 55' lang='grc' dir='ltr'><em>ς</em></span> <span class='ocrx_word' id='word_1_205' title='bbox 2301 266 2303 274; x_wconf 57' lang='grc'>,</span> <span class='ocrx_word' id='word_1_206' title='bbox 2297 239 2304 248; x_wconf 63' lang='grc'><strong>,-</strong></span> <span class='ocrx_word' id='word_1_207' title='bbox 2296 191 2303 228; x_wconf 32' lang='grc' dir='ltr'><strong>ᾼ-Αῇ</strong></span> <span class='ocrx_word' id='word_1_208' title='bbox 2297 177 2304 183; x_wconf 73' lang='grc'><strong><em>;</em></strong></span> <span class='ocrx_word' id='word_1_209' title='bbox 2296 61 2310 167; x_wconf 51' lang='lat'><strong>³·27‘125&#39;</strong></span> <span class='ocrx_word' id='word_1_210' title='bbox 2299 38 2309 44; x_wconf 43' lang='grc' dir='ltr'>Ξ</span> <span class='ocrx_word' id='word_1_211' title='bbox 2300 18 2302 26; x_wconf 43' lang='lat' dir='ltr'>v</span> 
     </span>
    </p>
   </div>
   <div class='ocr_carea' id='block_1_13' title="bbox 0 3324 2388 3412">
    <p class='ocr_par' dir='ltr' id='par_1_13' title="bbox 0 3324 2388 3412">
     <span class='ocr_line' id='line_1_44' title="bbox 0 3324 2388 3412; baseline 0 4"><span class='ocrx_word' id='word_1_212' title='bbox 0 3324 2388 3412; x_wconf 95' lang='lat' dir='ltr'><strong> </strong></span> 
     </span>
    </p>
   </div>
  </div>
 </body>
</html>
