2312 3368
74 0 165 32 “uu

600 371 696 417 100
1188 381 1459 415 Al’l‘lfflmx.

601 485 917 544 philosophicae
934 484 1175 527 tractandae
1192 489 1321 536 sunt3
1351 497 1448 526 cum
1477 487 1616 524 tamen
1636 482 1733 524 illae
1759 481 1857 524 fidei
1877 482 2048 538 dogma-

601 553 718 594 tibus
735 551 981 601 innitantur,
1001 549 1153 604 quibus
1172 548 1276 590 nihil
1295 547 1469 600 firmius,
1489 547 1593 588 nihil
1608 547 1811 599 stabilius,
1830 547 1933 590 istae
1949 561 2047 589 vero

601 618 790 659 humana
837 616 1097 671 explicentur
1141 620 1267 669 atque
1302 613 1562 655 illustrentur
1597 613 1773 664 ratione,
1822 626 1905 667 qua
1941 612 2048 654 nihil

603 682 813 731 incertius,
846 685 988 736 utpote
1018 693 1128 735 quae
1166 679 1279 720 varia
1315 684 1377 721 est
1413 692 1491 733 pro
1528 678 1794 733 ingeniorum
1834 679 2048 728 varietate,

604 747 918 800 innumerisque
953 744 1129 786 fallaciis
1157 749 1199 786 et
1244 742 1478 798 praestigiis
1515 743 1710 784 obnoxia.
1767 742 1836 785 Ita
1872 743 2050 797 quidem

601 812 757 867 reiecta
787 810 984 853 Ecclesiae
1014 809 1263 851 auctoritate
1289 808 1544 850 difficillimis
1575 808 1824 863 quibusque,
1858 808 2050 852 recondi-

604 877 742 932 tisque
796 874 1109 931 quaestionibus
1162 873 1387 915 latissimus
1433 873 1573 928 patuit
1619 887 1805 927 campus,
1852 875 2051 928 ratioque

605 942 790 983 humana
835 938 1011 981 infirmis
1057 938 1140 980 suis
1185 937 1341 980 confisa
1386 938 1545 979 viribus
1591 937 1783 980 licentius
1830 952 2052 980 excurrens

605 1006 866 1062 turpissimos
883 1005 925 1046 in
947 1018 1104 1046 errores
1122 1003 1239 1058 lapsa
1259 1008 1330 1054 est,
1350 1016 1455 1058 quos
1474 1002 1541 1045 hic
1561 1003 1711 1044 referre
1730 1017 1807 1045 nec
1827 1009 1953 1046 vacat
1973 1017 2049 1046 nec

606 1072 736 1124 lubet,
770 1070 928 1126 quippe
946 1068 1081 1111 Vobis
1100 1069 1230 1123 probe
1263 1068 1450 1123 cognitos
1476 1073 1602 1123 atque
1624 1068 1872 1122 exploratos,
1893 1069 2053 1123 quique

604 1137 648 1178 in
682 1135 896 1191 religionis
927 1139 968 1176 et
999 1133 1134 1175 civilis
1163 1133 1223 1174 rei
1252 1133 1560 1183 detrimentum,
1595 1132 1786 1187 illudque
1818 1134 2051 1175 maximum

604 1200 903 1244 redundarunt.
960 1199 1245 1250 Quamobrem
1275 1198 1363 1240 istis
1391 1197 1642 1249 hominibus,
1679 1199 1751 1253 qui
1784 1199 1880 1254 plus
1914 1213 2050 1254 aequo

604 1267 713 1309 vires
741 1265 920 1308 efferunt
945 1264 1153 1306 humanae
1184 1263 1356 1305 rationis
1387 1265 1605 1306 ostendere
1635 1270 1813 1319 oportet,
1846 1265 1972 1320 plane
2008 1265 2052 1306 id

605 1345 693 1374 esse
728 1330 983 1373 contrarium
1023 1329 1264 1371 verissimae
1290 1328 1353 1369 illi
1380 1329 1609 1370 sententiae
1637 1328 1832 1370 Doctoris
1859 1329 2053 1384 gentium

606 1401 632 1423 “
652 1398 688 1440 si
707 1397 799 1453 quis
817 1401 937 1452 putet
956 1410 999 1438 se
1019 1395 1182 1450 aliquid
1201 1408 1300 1446 esse,
1331 1408 1428 1435 cnm
1448 1393 1551 1435 nihil
1580 1394 1647 1446 sit,
1680 1394 1768 1449 ipse
1788 1408 1831 1436 se
1850 1394 2053 1437 seducit.”

605 1461 994 1505 Demonstrandum
1011 1460 1095 1501 illis
1114 1465 1174 1502 est
1193 1465 1375 1514 quantae
1394 1460 1447 1500 sit
1475 1460 1741 1514 arrogantiae
1771 1460 2055 1514 pervestigare

606 1526 818 1582 mysteria,
859 1539 966 1580 quae
1002 1524 1188 1566 revelare
1225 1524 1345 1566 nobis
1375 1523 1573 1579 dignatus
1610 1529 1670 1565 est
1703 1524 2057 1566 clementissimus

608 1592 738 1644 Deus,
785 1591 1014 1645 eademque
1061 1589 1235 1645 assequi,
1286 1590 1590 1645 complectique
1641 1589 1793 1631 audere
1848 1589 2057 1631 humanae

608 1657 761 1700 mentis
796 1656 1087 1698 imbecillitate
1117 1660 1158 1696 et
1191 1656 1404 1709 angustiis,
1453 1669 1549 1696 cum
1581 1654 1822 1710 longissime
1861 1670 1909 1697 ea
1948 1656 2057 1698 vires

609 1722 812 1765 excedant
848 1721 978 1763 nostri
1013 1720 1262 1769 intellectus,
1293 1721 1366 1775 qui
1399 1734 1450 1761 ex
1488 1721 1683 1775 Apostoli
1720 1721 1907 1776 ejusdem
1941 1722 2054 1763 dicto

614 1787 895 1843 captivandus
914 1791 974 1828 est
991 1787 1034 1827 in
1054 1785 1302 1841 obsequium
1323 1785 1436 1827 fidei.

666 1864 812 1917 Atque
830 1861 1070 1918 hujusmodi
1103 1861 1311 1903 humanae
1336 1861 1506 1903 rationis
1526 1867 1759 1914 sectatores,
1789 1876 1859 1903 seu
1880 1863 2059 1905 cultores

615 1929 766 1985 potius,
805 1927 879 1982 qui
912 1940 1003 1968 eam
1042 1927 1122 1968 sibi
1158 1931 1315 1968 certam
1352 1926 1484 1967 veluti
1522 1927 1768 1981 magistram
1805 1933 2059 1983 proponunt,

615 1994 788 2049 ejusque
806 1993 937 2033 ductu
955 1991 1092 2033 fausta
1111 1992 1190 2034 sibi
1210 1992 1349 2033 omnia
1367 1992 1630 2046 pollicentur,
1665 1992 1786 2033 obliti
1819 1999 1930 2034 certe
1964 1999 2061 2034 sunt

614 2074 746 2117 quam
764 2073 895 2115 grave
913 2064 953 2100 et
973 2060 1167 2100 acerbum
1189 2072 1241 2100 ex
1259 2059 1383 2114 culpa
1403 2059 1526 2114 primi
1556 2060 1740 2114 parentis
1768 2059 1975 2102 inflictum
2009 2062 2063 2102 sit

615 2125 769 2166 vulnus
798 2124 1008 2165 humanae
1037 2128 1226 2173 naturae,
1257 2124 1411 2178 quippe
1445 2124 1556 2178 quod
1588 2129 1630 2164 et
1662 2125 1835 2165 obfusae
1865 2126 2064 2167 tenebrae

616 2189 761 2241 menti,
782 2194 825 2231 et
843 2202 974 2243 prona
994 2187 1143 2230 effecta
1163 2188 1214 2229 ad
1236 2189 1395 2230 malum
1415 2188 1620 2230 voluntas.
1670 2189 1784 2231 Hinc
1805 2190 2065 2232 celeberrimi

617 2269 668 2297 ex
703 2253 991 2309 antiquissima
1025 2258 1160 2295 aetate
1182 2252 1419 2309 philosophi
1456 2254 1650 2308 quamvis
1681 2255 1817 2296 multa
1854 2256 2067 2311 praeclare

618 2320 870 2375 scripserint,
934 2318 1144 2360 doctrinas
1197 2323 1339 2359 tamen
1394 2332 1489 2360 suas
1543 2320 1797 2374 gravissimis
1860 2321 2068 2363 erroribus

621 2385 960 2427 contaminarunt
980 2397 990 2436 ;
1028 2382 1126 2425 lii-nc
1147 2383 1359 2424 assiduum
1379 2383 1485 2425 illud
1505 2390 1713 2426 certamen
1734 2386 1848 2440 quod
1866 2386 1908 2426 in
1947 2387 2069 2428 nobis

623 2450 877 2506 experimur,
911 2451 963 2490 de
992 2463 1077 2505 quo
1109 2449 1295 2504 loquitur
1314 2449 1545 2504 Apostolus
1579 2451 1756 2492 “sentio
1795 2452 1838 2492 in
1868 2452 2070 2494 membris

623 2516 728 2557 meis
746 2515 883 2570 legem
902 2519 1207 2569 repugnantem
1227 2513 1308 2568 legi
1328 2515 1478 2556 mentis
1497 2514 1655 2556 meae.”
1683 2515 1728 2557 N
1731 2530 1811 2557 unc
1831 2517 2000 2572 quando
2020 2532 2070 2559 ex

626 2579 798 2636 originis
817 2579 913 2621 labe
931 2579 975 2620 in
995 2579 1209 2621 universos
1229 2578 1385 2621 Adami
1405 2585 1591 2635 posteros
1609 2590 1840 2636 propagata
1869 2588 2069 2625 extenua-

627 2651 721 2688 tum
740 2658 826 2689 esse
846 2649 1005 2688 constet
1023 2644 1198 2685 rationis
1219 2644 1371 2697 lumen,
1406 2650 1449 2687 et
1467 2659 1517 2686 ex
1536 2646 1713 2701 pristino
1727 2647 1917 2702 justitiae
1945 2654 2073 2703 atque

624 2711 889 2756 innocentiae
907 2715 1020 2753 statu
1039 2710 1267 2753 miserrime
1285 2711 1484 2754 deciderit
1513 2712 1745 2754 humanum
1764 2728 1907 2769 genus,
1930 2716 2071 2770 ecquis

630 2779 728 2820 satis
747 2790 834 2820 esse
854 2777 1054 2819 rationem
1075 2776 1204 2819 ducat
1223 2777 1276 2819 ad
1309 2779 1607 2834 assequendam
1639 2780 1860 2822 veritatem
1879 2780 1894 2822 2
1934 2782 2075 2837 ecquis
