2312 3352
36 2567 49 2579 b

61 2949 72 3146 ‘*·>·<*-*·‘¹=-‘2
63 2624 71 2920 Δη...-,-ᾼι.,........ι----.ωὴ.-
66 2605 67 2609 Α
65 2587 67 2590 -
66 2539 67 2542 Α

47 23 98 50 «μί’
114 23 133 46 ἱν.

67 54 68 57 ¹
90 51 99 65 li
116 51 132 67 ¹.

590 351 680 397 104
1172 360 1442 398 Arum-mm.

579 465 691 519 hinc,
712 465 988 509 Venerabiles
1006 466 1183 520 Fratres,
1217 467 1270 509 ad
1289 467 1592 522 comparandos
1611 466 1782 510 idoneos
1813 468 2035 511 ministros

583 536 739 578 Christi
759 542 917 592 quanta
937 536 991 578 sit
1005 536 1332 579 Seminariorum
1344 536 1567 579 necessitas
1585 541 1626 579 et
1645 536 1938 592 opportunitas
1957 550 1968 591 3
1986 538 2034 579 in

583 602 737 657 quibus
761 601 1026 644 moderandis
1058 615 1142 643 non
1176 601 1311 643 civilis
1349 602 1579 656 potestatis,
1614 602 1688 644 sed
1725 601 2033 657 Episcoporum

583 668 806 709 dumtaxat
827 667 983 708 versari
1003 666 1127 708 debet
1146 680 1246 708 cura
1258 671 1298 708 et
1314 666 1530 708 industria.
1562 666 1769 709 Oollectos
1784 667 1844 709 ibi
1854 667 2037 723 juvenes

582 732 626 773 in
655 745 770 787 spem
798 731 1010 787 religionis
1042 736 1344 773 succrescentes
1383 732 1435 773 ad
1472 732 1674 787 pietatem
1712 732 2038 787 doctrinamque

582 796 728 839 sedulo
746 795 991 848 informetis,
1012 800 1058 837 ut
1077 795 1237 851 duplici
1257 796 1376 851 quasi
1403 796 1596 839 instructi
1629 797 1772 853 gladio
1801 798 1905 839 boni
1932 797 2033 839 olim

581 861 736 903 milites
764 874 849 902 esse
881 864 1040 915 queant
1070 860 1124 901 ad
1143 859 1386 915 praelianda
1414 860 1575 916 praelia
1607 861 1794 903 Domini.
1851 860 1960 902 Tum
1987 861 2033 903 in

580 926 835 980 theologicis,
855 930 946 967 tum
965 939 1066 967 vero
1083 926 1127 966 in
1138 925 1435 981 philosophicis
1448 926 1574 968 etiam
1587 926 1820 982 disciplinis
1831 928 2037 982 probatae

581 991 680 1034 fidei
699 991 916 1047 scriptores
935 991 1088 1032 eisdem
1108 992 1363 1046 proponatis,
1397 1005 1451 1033 ne
1469 1005 1554 1047 qua
1572 992 1819 1034 imbuantur
1837 993 2037 1047 opinione

582 1057 813 1099 catholicae
831 1056 1043 1099 doctrinae
1060 1057 1202 1098 minus
1216 1061 1505 1098 consentanea.

636 1123 704 1164 Ita
731 1122 902 1177 quidem
938 1121 1150 1164 Ecclesiae
1183 1122 1293 1163 bono
1326 1127 1369 1163 et
1401 1122 1661 1164 incremento
1689 1122 1928 1165 consultum
1957 1136 2038 1175 per

582 1188 675 1230 Vos
693 1188 782 1240 erit,
803 1186 1075 1229 Venerabiles
1093 1186 1273 1229 Fratres.
1305 1186 1403 1237 Quo
1416 1201 1518 1229 vero
1527 1192 1748 1243 susceptae
1757 1201 1833 1243 pro
1845 1186 2033 1229 Ecclesia

584 1267 708 1295 curae
736 1252 1052 1295 secundissimos
1080 1251 1265 1294 habeant
1298 1253 1435 1294 exitus
1467 1266 1631 1294 stimma
1663 1258 1776 1294 extet
1808 1253 2032 1295 concordia

581 1332 685 1374 opus
704 1323 766 1360 est
785 1331 1088 1373 consensusque
1107 1318 1356 1369 animorum,
1377 1317 1588 1373 longeque
1614 1318 1787 1359 dissidia
1814 1318 2032 1374 quaelibet

581 1384 894 1441 prohibeantur,
942 1397 1052 1439 quae
1099 1383 1267 1425 solvunt
1314 1382 1531 1425 charitatis
1569 1381 1798 1435 vinculum,
1838 1397 2033 1438 quaeque

582 1451 722 1492 fovere
741 1450 844 1492 solet
864 1449 1112 1491 vaferrimus
1130 1449 1263 1491 nostri
1288 1449 1455 1504 generis
1480 1448 1676 1491 inimicus
1696 1453 1841 1503 utpote
1869 1449 1949 1491 sibi
1977 1449 2033 1491 ad

580 1515 818 1557 nocendum
837 1513 1200 1570 opportunissima.
1252 1513 1547 1569 Repetendum
1567 1513 1770 1556 memoria
1789 1518 1852 1555 est
1872 1519 2035 1556 veteres

580 1581 676 1623 illos
693 1580 925 1622 catholicae
952 1579 1053 1622 fidei
1080 1586 1411 1635 propugnatores
1438 1580 1492 1622 de
1522 1578 1866 1635 pertinacissimis
1894 1578 2033 1622 haere-

582 1647 696 1689 sibus
715 1646 902 1688 retulisse
923 1645 1155 1697 victoriam,
1189 1659 1322 1700 quum
1352 1645 1528 1688 scillicet
1560 1659 1645 1687 una
1677 1658 1832 1697 secum,
1865 1649 1907 1687 et
1936 1658 2034 1688 cum

580 1711 827 1768 Apostolica
857 1711 967 1754 Sede
996 1716 1217 1767 tamquam
1250 1724 1350 1753 cum
1380 1711 1493 1753 duce
1523 1724 1597 1754 suo
1628 1710 1844 1767 conjuncti
1876 1711 2033 1754 milites

579 1777 705 1819 firmo
723 1781 946 1832 erectoque
962 1776 1007 1818 in
1026 1780 1236 1818 certamen
1256 1775 1577 1818 descendissent.

638 1852 758 1894 Haec
777 1856 886 1905 sunt,
920 1865 1030 1907 quae
1056 1850 1333 1906 significanda
1351 1851 1487 1894 Vobis
1517 1851 1727 1910 duximus,
1759 1850 2053 1894 Venerabiles'

583 1918 765 1968 Fratres,
785 1917 829 1958 in
848 1915 926 1958 hac
945 1930 1046 1958 cura
1065 1921 1105 1957 et
1123 1916 1405 1958 sollicitudine
1423 1917 1525 1958 satis
1544 1916 1788 1971 Apostolico
1803 1917 2038 1960 ministerio

582 1982 777 2034 faciendi,
816 1982 927 2037 quod
959 1981 1102 2022 divina
1131 1981 1351 2023 clementia
1388 1986 1428 2023 et
1464 1981 1655 2024 bonitate
1691 1982 1936 2037 impositum
1972 1987 2035 2024 est

583 2048 820 2090 infirmitati
855 2046 1052 2088 Nostrae.
1108 2044 1321 2101 Erigimur
1353 2046 1548 2100 primum,
1597 2060 1646 2089 ac
1687 2060 1925 2089 recreamur
1960 2060 2035 2102 spe

586 2114 775 2158 caelestis
813 2113 971 2165 auxilii,
1019 2111 1168 2154 deinde
1216 2113 1267 2154 ab
1306 2113 1525 2167 explorato
1562 2117 1700 2154 vestro
1737 2112 1950 2168 religionis
1986 2127 2039 2156 ac

586 2181 755 2238 pietatis
774 2178 912 2221 studio
930 2192 1014 2220 non
1035 2178 1242 2220 mediocre
1260 2177 1399 2220 Nobis
1418 2178 1665 2233 pollicemur
1683 2177 1727 2219 in
1749 2179 1875 2220 tantis
1894 2192 2033 2221 rerum

585 2246 902 2290 difficultatibus
920 2244 1225 2299 adjumentum.
1248 2244 1399 2285 Aderit
1412 2244 1624 2286 Ecclesiae
1638 2258 1737 2286 suae
1754 2244 1878 2297 Deus,
1900 2246 2035 2288 aderit

587 2311 877 2355 communibus
914 2309 1024 2351 votis
1056 2308 1237 2361 Nostris,
1269 2309 1402 2351 aderit
1432 2310 1675 2363 praesertim·
1705 2310 1740 2352 si
1770 2311 1927 2352 oratrix
1956 2325 2037 2366 pro

585 2377 707 2419 nobis
745 2375 917 2417 accedat
960 2373 1091 2429 Virgo
1129 2373 1397 2416 Sanctissima
1431 2374 1513 2416 Dei
1545 2388 1695 2430 parens
1728 2374 1882 2428 Maria,
1914 2376 2037 2431 cujus-

584 2440 892 2483 immunitatem
913 2439 968 2481 ab
997 2440 1214 2495 originalis
1233 2453 1365 2482 noxae
1397 2441 1566 2483 macula
1585 2440 1720 2483 Vobis
1750 2456 1907 2498 magno
1935 2456 2032 2485 cum

585 2507 743 2550 Nostro
763 2505 916 2561 gaudio
937 2505 1200 2547 adstantibus
1229 2510 1269 2547 et
1298 2505 1598 2561 plaudentibus
1627 2507 1773 2549 divino
1802 2508 2038 2563 adjuvante

583 2573 743 2629 Spiritu
780 2570 1163 2627 pronunciavimus.
1220 2570 1435 2613 Eximium
1468 2586 1569 2614 sane
1597 2572 1880 2629 privilegium,
1920 2574 2033 2629 quod

581 2638 664 2682 Dei
684 2636 865 2680 Matrem
885 2637 1012 2693 plane
1044 2637 1231 2690 decebat,
1261 2637 1305 2679 in
1334 2639 1545 2680 communi
1566 2638 1696 2681 nostri
1723 2639 1887 2694 generis
1906 2639 2038 2682 exitio

584 2704 781 2760 sospitem
812 2708 938 2758 atque
968 2702 1205 2745 incolumen
1236 2703 1427 2746 evasisse.
1485 2704 1630 2761 Atque
1662 2704 1791 2760 hujus
1820 2705 2035 2762 privilegii

583 2768 822 2826 amplitudo
837 2768 1068 2825 plurimum
1101 2769 1271 2825 quidem
1304 2769 1488 2812 valitura
1522 2775 1585 2813 est
1604 2771 1658 2813 ad
1686 2784 1755 2813 eos
1773 2771 2037 2826 refellendos,
