2372 3400
495 410 555 454 26
888 420 1163 455 concrum!
1189 417 1514 460 cunamen-sn

557 524 812 587 Leguntur
843 531 891 573 et
912 524 1230 573 admittuntur
1262 528 1375 570 acta
1409 520 1615 568 duarum
1649 519 1927 582 Congrega-

497 610 705 666 tionum,
727 610 925 672 privatae
949 615 997 657 et
1019 607 1274 670 generalis,
1298 602 1697 668 praecedentium.

557 694 756 755 Legitur
781 698 820 741 1.
851 695 1110 742 Decretum
1149 691 1208 739 de
1242 689 1500 745 Petitione,
1541 699 1647 750 quae
1686 686 1752 736 ad
1790 687 1931 737 Stam

497 778 674 826 Sedem
698 778 935 826 mittenda
959 785 1046 833 est,
1069 793 1153 839 pro
1172 774 1335 823 ordine
1357 774 1411 821 in
1444 773 1688 822 electione
1725 773 1925 836 Episco-

495 878 664 925 porum
685 862 884 924 huJ'usce
908 861 1167 909 Provinciae
1189 857 1494 907 instituendo
1516 864 1568 906 et
1589 856 1828 907 servando
1852 874 1865 916 ;

558 949 602 992 2.
636 946 926 994 Litterarum
981 944 1183 992 formula
1216 943 1277 991 ad
1323 944 1587 991 Summum
1630 941 1928 991 Pontificem

497 1030 861 1087 mittendarum,
885 1030 943 1078 ad
974 1028 1232 1092 petendam
1256 1030 1580 1077 Decretorum
1612 1028 1770 1077 Tertii
1805 1029 1931 1077 Cou-

497 1118 594 1166 cilii
616 1118 932 1166 Provincialis
954 1118 1248 1166 revisionem
1271 1123 1321 1166 et
1344 1117 1746 1180 approbationem
1772 1133 1786 1175 3

558 1207 600 1250 3.
626 1205 888 1251 Decretum
926 1203 987 1250 de
1024 1203 1376 1265 Episcoporum
1411 1201 1651 1266 dignitate
1683 1208 1736 1251 et
1756 1218 1932 1252 mune-

497 1287 640 1335 ribus.

555 1371 736 1419 Iterum
780 1371 1034 1419 discutitur
1064 1372 1401 1434 opportunitas
1442 1371 1667 1434 erigendi
1701 1372 1932 1434 capitula,

495 1461 542 1502 et
578 1455 807 1503 statuitur
833 1463 1015 1503 vestem
1038 1456 1393 1504 canonicorum
1424 1456 1639 1505 futuram
1675 1472 1786 1504 esse
1819 1457 1928 1506 Mo-

495 1546 676 1589 zettam
699 1542 826 1603 nigri
855 1542 1043 1599 coloris,
1083 1557 1175 1589 non
1209 1543 1435 1599 sericam,
1470 1557 1590 1590 cum
1627 1541 1838 1604 globulis
1879 1548 1931 1591 et

495 1625 705 1673 nervulis
741 1626 947 1675 violacei
985 1627 1173 1683 coloris,
1216 1632 1266 1675 et
1299 1627 1575 1689 supplicem
1609 1626 1860 1675 Libellum
1903 1642 1935 1675 a

495 1710 635 1757 Rmis
653 1710 876 1758 Patribus
890 1710 1187 1759 mittendum
1203 1727 1312 1759 esse
1330 1711 1561 1767 Romam,
1580 1710 1641 1760 ad
1662 1710 1934 1773 petendum

494 1810 576 1857 pro
619 1794 763 1843 dictis
799 1796 1054 1844 canonicis
1083 1811 1231 1844 usum
1269 1794 1514 1852 Rochetti,
1547 1800 1597 1843 et
1638 1802 1933 1844 memoratos

495 1882 758 1929 canonicos
811 1889 980 1943 quater
1031 1883 1085 1930 in
1145 1898 1276 1930 anno
1330 1887 1652 1930 conventuros
1707 1896 1814 1931 esse
1870 1880 1934 1931 ad

500 1964 703 2013 domum
721 1966 1064 2029 episcopalem.

560 2059 790 2107 Statuitur
812 2076 1001 2122 quoque
1026 2061 1236 2109 Litteras
1259 2061 1505 2109 officiosas
1524 2059 1800 2109 scribendas
1823 2076 1933 2109 esse

498 2161 527 2191 a
547 2145 686 2192 Rmis
709 2145 933 2193 Patribus
969 2146 1384 2194 Eminentissimo
1419 2144 1673 2194 Cardinali
1709 2146 1935 2209 Neapoli-

498 2235 615 2277 tano
633 2229 1023 2292 Archiepiscopo,
1046 2231 1329 2292 caeterisque
1348 2230 1505 2278 Italiae
1525 2229 1665 2278 Rmis
1680 2230 1937 2295 Episcopis

499 2313 549 2361 in
573 2314 715 2361 exilio
738 2314 1065 2375 gementibus.

563 2410 692 2456 Hora
714 2409 1021 2467 duodecima,
1043 2410 1278 2460 recedunt
1305 2411 1493 2459 Patres.

806 2581 1075 2630 Duodecima
1097 2583 1402 2647 Congregatio
1419 2584 1610 2648 privata.

566 2721 753 2770 Eadem
777 2721 870 2777 die,
893 2723 1010 2772 hora
1033 2724 1176 2773 tertia
1198 2730 1307 2787 post
1329 2724 1606 2783 meridiem,
1631 2727 1939 2775 conveniunt

505 2806 687 2854 Patres.
