2372 3400
479 391 541 437 24
878 405 1158 439 cononum
1182 404 1511 445 Qunnncnnsn

544 511 588 555 6.
622 507 937 571 Adjungendi
960 508 1214 571 parvulam
1236 514 1424 570 partem
1460 505 1704 554 Dioecesis
1738 505 1920 554 Maria·

479 592 867 656 nopolitanensis
885 593 1094 641 Dioecesi
1117 593 1285 640 Sancti
1310 590 1595 654 Hyacinthi.

537 679 720 727 Iterum
743 678 998 727 discutitur
1027 679 1183 740 prima
1205 678 1375 726 relatio
1398 677 1806 739 Congregationis
1847 676 1912 725 de

483 762 715 811 Doctrina
738 779 880 825 super
908 761 1066 810 Usura.
1583 764 1586 766 ’

544 847 675 894 Hora
705 846 969 895 undecima
987 861 1101 894 cum
1118 845 1271 893 tribus
1295 844 1664 907 quadrantibus,
1681 843 1919 893 recedunt

481 932 662 980 Patres.

807 1058 975 1113 Quarta
1003 1056 1044 1102 C
1045 1059 1306 1121 ongregatio
1322 1058 1565 1121 generalis.

542 1188 635 1236 Die
657 1188 847 1235 decima
870 1202 1003 1234 nona
1025 1186 1165 1242 Maii,
1187 1186 1435 1234 incidente
1451 1187 1504 1234 in
1523 1186 1697 1234 feriam
1722 1186 1917 1234 tertiam

478 1277 586 1334 post
603 1272 980 1326 Ascensffinem,
1003 1270 1119 1318 hora
1141 1272 1281 1319 tertia
1304 1277 1412 1333 post
1450 1270 1724 1326 meridiem,
1748 1271 1919 1319 habita

478 1363 567 1413 est,
611 1357 716 1405 loco
756 1356 913 1411 solito,
958 1361 1129 1417 quarta
1162 1357 1490 1418 Congregatio
1533 1356 1792 1418 generalis,
1836 1355 1917 1404 cui

477 1441 730 1489 interfuere
790 1456 964 1488 omnes
1009 1441 1125 1488 Rmi
1163 1441 1346 1497 PatreS,
1404 1456 1523 1488 cum
1575 1440 1814 1502 theologis
1859 1445 1910 1488 et

479 1525 687 1574 Concilii
709 1526 1017 1574 officialibus.

537 1610 788 1671 Leguntur
844 1614 957 1657 acta
1001 1609 1403 1671 Congregationis
1445 1609 1692 1672 generalis
1734 1624 1916 1672 praece-

478 1693 651 1742 dentis.

538 1779 788 1840 Leguntur
809 1795 839 1827 a
861 1779 1129 1827 Secretario
1152 1779 1557 1841 Congregationis
1579 1777 1639 1826 de
1664 1778 1916 1826 Decretis:

543 1867 584 1910 1..
618 1864 880 1911 Decretum
924 1862 986 1911 de
1019 1864 1264 1911 Petitione
1303 1880 1412 1925 quae
1452 1864 1518 1912 ad
1556 1864 1697 1911 Stam
1737 1861 1918 1910 Sedem

478 1948 720 1997 mittenda
763 1956 851 2006 est,
883 1965 966 2012 pro
998 1949 1166 1997 ordine
1209 1950 1260 1997 in
1283 1949 1526 1998 electione
1560 1948 1913 2011 Episcoporum

477 2034 624 2095 liujus
645 2034 908 2082 Provinciae
933 2032 1237 2082 instituendo
1257 2042 1306 2081 et
1328 2032 1584 2081 servando.

538 2120 584 2163 2.
618 2118 880 2165 Decretum
902 2116 963 2164 de
1001 2116 1261 2165 devotione
1297 2117 1497 2166 Patrum
1522 2117 1751 2173 Concifii,
1788 2118 1918 2165 Cleri

477 2201 678 2250 secundi
722 2201 919 2258 ordinis,
953 2203 1210 2264 Plebisque
1249 2203 1530 2250 christianae
1564 2203 1713 2250 totius
1746 2202 1917 2250 Eccle-

475 2287 685 2335 siasticae
710 2287 979 2335 Provinciae
1003 2288 1354 2345 QuebecensiS‚
1372 2303 1486 2350 erga
1504 2288 1769 2336 Summum
1787 2289 1916 2336 Pon-

476 2374 662 2421 tificem
687 2373 827 2420 Pium
849 2374 933 2421 IX.
1616 2366 1622 2371 ⁷

537 2457 739 2518 Legitur
759 2463 807 2504 et
829 2456 1086 2505 discutitur
1118 2457 1337 2506 secunda
1373 2458 1546 2506 relatio
1586 2458 1646 2506 de
1684 2459 1917 2507 Doctrina

475 2557 619 2603 super
640 2542 959 2601 sequentibus
981 2543 1330 2603 quaestionibus
1353 2559 1364 2589 τ

539 2628 578 2671 1.
611 2625 690 2671 An
714 2640 882 2672 omnes
904 2626 1060 2673 Bullae
1085 2632 1134 2674 et
1166 2626 1332 2674 omnia
1366 2627 1576 2675 Decreta
1612 2643 1643 2675 a
1683 2627 1766 2675 Sta
1791 2625 1916 2674 Sede

472 2711 774 2766 emanantia,
808 2711 860 2759 in
897 2711 991 2759 hac
1027 2713 1288 2762 Provincia
1320 2720 1514 2778 recepta
1536 2713 1607 2773 *de
1643 2717 1765 2777 jure,
1799 2721 1917 2763 sunt

473 2794 625 2843 etiam
646 2799 840 2857 recepta
863 2794 923 2842 de
948 2795 1074 2844 sacto
1097 2796 1118 2843 ’ἒ
