2364 3384
281 2810 287 3027 i

1021 367 1363 408 Pnovmcum
1387 372 1461 406 111.
1901 356 1967 402 23<

582 474 715 523 Hora
736 475 905 537 quinta
933 491 1048 525 cum
1081 477 1370 540 quadrante,
1400 476 1620 525 oration-e
1650 474 1800 531 facta,
1830 487 1961 521 rece·

518 558 649 608 dunt
671 575 863 608 omnes.

869 676 1053 727 Decima
1080 679 1387 744 Congregatio
1405 681 1597 745 privata.

581 785 724 834 Feria
740 787 883 835 tertia
901 787 1024 835 infra
1043 788 1287 836 Octavam
1306 787 1645 844 Ascensionis,
1667 786 1747 834 die
1766 785 1963 835 decima

519 885 653 918 nona
706 870 843 927 Maii,
895 871 1014 920 hora
1044 888 1175 921 nona
1213 879 1328 921 ante
1353 872 1613 929 meridiem,
1649 872 1963 920 conveniunt

518 954 702 1003 Patres.

580 1038 835 1101 Leguntur
856 1044 904 1088 et
936 1039 1270 1090 admittuntur
1300 1048 1413 1089 acta
1434 1040 1642 1089 duarum
1683 1040 1963 1101 Congrega-

518 1125 728 1183 tionum,
750 1127 946 1189 privatae
969 1134 1020 1175 et
1043 1128 1302 1189 generalis,
1323 1127 1721 1191 praecedentium.

579 1209 777 1272 Legitur
820 1218 871 1259 et
913 1211 1172 1260 discutitur
1224 1212 1382 1275 prima
1419 1212 1590 1261 relatio
1624 1211 1684 1260 de
1724 1210 1962 1272 Liturgia,

510 1298 610 1356 jam
655 1296 779 1345 lecta
822 1302 872 1345 et
922 1296 1149 1346 discussa
1192 1298 1246 1347 in
1299 1297 1519 1346 secunda
1571 1296 1960 1359 congregatione

515 1382 740 1443 generali.

578 1468 817 1515 Statuitur
849 1468 1089 1529 quosdam
1124 1469 1371 1532 supplices
1400 1468 1587 1517 libellos
1626 1485 1656 1517 a
1680 1469 1957 1529 Congrega-

515 1552 650 1601 tione
693 1552 753 1601 de
798 1553 1022 1601 Decretis
1065 1553 1403 1602 conficiendos
1446 1569 1571 1610 esse,
1594 1552 1657 1601 ad
1693 1551 1958 1615 petendam

514 1637 807 1687 facultatem
832 1654 845 1685 t

579 1727 621 1771 1.
656 1722 975 1786 Impertiendi
1028 1723 1429 1773 benedictionem
1493 1724 1769 1786 nuptialem
1820 1729 1957 1771 extra

513 1806 753 1867 missam3

574 1896 621 1941 2.
654 1893 856 1950 Utendi‚
887 1894 935 1942 in
967 1893 1275 1957 baptizandis
1298 1893 1497 1951 adultis,
1521 1893 1824 1942 eaeremoniis
1847 1892 1950 1941 usi-

513 1977 631 2025 tatis
654 1977 703 2025 in
726 1978 964 2040 baptismo
986 1978 1252 2027 infantium
1275 1996 1289 2037 ;

573 2065 620 2110 3.
653 2062 838 2111 Utendi
855 2062 1012 2112 forma
1028 2063 1178 2119 brevi,
1195 2064 1466 2112 Provinciis
1485 2064 1727 2111 Americae
1746 2062 1945 2125 Septen-

513 2147 736 2196 trionalis
759 2148 1036 2205 Foederatis,
1070 2164 1163 2196 nee
1202 2165 1302 2197 non
1336 2150 1515 2197 Insulis
1550 2148 1810 2197 Bermudis
1840 2163 1956 2197 con-

513 2248 670 2290 cessa,
682 2232 743 2281 ad
759 2232 1091 2296 recipiendam
1105 2233 1445 2282 haereticorum
1457 2233 1574 2281 fidei
1584 2233 1932 2296 professionem
1944 2249 1957 2291 ;

576 2323 621 2367 4.
654 2318 914 2376 Luerandi,
945 2325 1117 2381 quater
1146 2319 1199 2367 in
1229 2334 1377 2375 anno,
1404 2318 1767 2380 indulgentiam
1792 2318 1954 2381 plena-

512 2403 655 2460 riam,
676 2419 759 2466 pro
781 2404 929 2452 variis
963 2403 1188 2467 operibus
1212 2402 1478 2459 charitatis,
1517 2407 1566 2450 et
1587 2401 1957 2464 indulgentiam

511 2486 767 2551 partialem
790 2493 1120 2536 trecentorum
1142 2486 1349 2542 dierum,
1371 2502 1454 2550 pro
1493 2502 1803 2549 quocumque
1838 2501 1954 2534 con-

511 2578 666 2621 ventu
688 2571 750 2621 ad
774 2587 919 2636 opera
941 2573 1195 2621 charitatis
1217 2571 1509 2635 perficienda
1531 2588 1545 2629 3

562 2661 608 2706 5.
641 2657 959 2721 Adjungendi
1009 2657 1381 2706 Hamiltonensi
1433 2657 1644 2706 Dioecesi
1687 2657 1951 2706 comitatus

511 2742 669 2791 dictos
700 2735 911 2791 Lincoln
928 2748 980 2791 et
1002 2742 1244 2800 Welland‚
1274 2742 1486 2791 Dicecesi
1509 2741 1792 2791 Torontinae
1814 2742 1958 2805 perti-

515 2834 688 2876 nentes
711 2843 725 2885 ;
