2312 3368
40 1078 182 1126 ratres,

24 1144 184 1194 septem

3 1205 185 1246 neroibus

28 1269 185 1312 Nostro

8 1366 18 1387 ,
56 1339 98 1376 et
140 1334 186 1376 in

35 1414 185 1455 porum

3 1479 28 1507 o
47 1465 186 1507 Nobis

7 1532 186 1573 'asmodi

13 1611 58 1639 sa
94 1596 186 1639 Nos

0 1665 185 1703 ementer

0 1740 53 1768 im
87 1726 187 1768 satis

0 1792 187 1833 imarum

13 1858 194 1900 societas.

0 1937 59 1965 me
78 1922 189 1964 enim

0 2003 17 2029 1
46 1992 191 2030 contra

0 2068 84 2105 um,
116 2052 189 2108 qui

0 2133 103 2171 riam,
139 2132 188 2161 ac

0 2179 189 2239 gnorent,

0 2249 190 2291 atissimae

0 2346 1 2353 ,
32 2314 188 2357 labefa-

0 2382 191 2424 ›mnium-

0 2446 193 2490 =rroribus

17 2512 192 2554 moliun-

0 2578 194 2620 ricatores

5 2658 194 2685 errorum

0 2715 90 2766 gata
146 2724 194 2752 ac

16 2776 198 2819 tenebris

1065 374 1338 407 APPENDIx.
1833 361 1921 408 107

482 474 676 527 excitare,
698 488 831 529 eaque
849 474 980 528 novis,
1009 476 1137 517 variis
1156 490 1204 518 ac
1221 475 1499 519 fallacissimis
1530 477 1674 519 formis
1703 477 1923 532 verbisque

482 553 674 595 expressa
706 554 971 595 exaggerare,
1005 545 1046 582 et
1074 542 1210 583 modis
1241 543 1435 584 omnibus
1467 556 1767 598 usquequaque
1800 542 1922 584 disse-

480 605 654 647 minare.
710 605 807 647 Hac
835 605 1113 649 funestissima
1143 621 1191 649 ac
1220 608 1428 651 diabolica
1457 622 1624 664 prorsus
1655 614 1745 650 arte
1780 622 1924 651 rerum

482 669 669 711 omnium
715 670 929 712 scientiam
976 672 1274 725 contaminant,
1304 673 1544 728 deturpant,
1580 674 1840 715 mortiferum
1869 673 1923 715 ad

482 738 717 780 animarum
754 739 981 793 perniciem
1016 740 1130 781 virus
1167 740 1424 794 diffundunt,
1463 742 1708 784 effrenatam
1755 742 1923 784 vivendi

480 804 706 856 licentiam,
728 809 772 846 et
789 819 939 860 pravas
957 819 1144 861 quasque
1163 807 1411 861 cupiditates
1429 807 1585 859 fovent,
1606 808 1847 863 religiosum
1875 821 1923 850 ac

481 870 676 912 socialem
695 870 884 912 ordinem
902 870 1128 923 invertunt,
1148 876 1189 913 et
1207 886 1374 913 omnem
1383 872 1586 927 justitiae,
1606 872 1792 914 veritatis
1801 872 1923 928 juris,

481 934 707 976 honestatis
726 939 769 976 et
786 934 997 990 religionis
1023 935 1159 978 ideam
1190 937 1432 991 extinguere
1450 942 1666 989 conantur,
1698 942 1740 979 et
1759 937 1925 979 sanctis-

482 1000 588 1041 sima
639 999 793 1041 Christi
848 1000 1058 1055 dogmata,
1116 1001 1350 1043 doctrinam
1394 1002 1580 1054 irrident,
1639 1006 1924 1054 contemnunt,

483 1070 741 1119 oppugnant.
801 1064 956 1106 Horret
975 1065 1145 1120 quidem
1164 1065 1400 1121 refugitque
1420 1066 1595 1119 animus,
1617 1080 1665 1107 ac
1683 1065 1927 1108 reformidat

483 1128 549 1171 vel
569 1129 717 1170 leviter
736 1130 943 1184 attingere
962 1130 1205 1185 praecipuos
1234 1136 1400 1171 tantum
1436 1131 1732 1185 pestiferosque
1757 1144 1924 1182 errores,

483 1193 637 1249 quibus
655 1192 896 1248 hujusmodi
913 1193 1102 1236 homines
1123 1194 1362 1236 miserrimis
1380 1194 1494 1237 hisce
1512 1195 1768 1250 temporibus
1783 1194 1927 1236 divina

483 1264 526 1300 et
544 1258 729 1300 humana
748 1264 898 1300 cuncta
916 1259 1178 1313 permiscent.

536 1334 675 1377 Nemo
687 1334 889 1377 Vestrum
914 1336 1090 1391 ignorat,
1121 1335 1393 1378 Venerabiles
1412 1337 1589 1389 Fratres,
1611 1338 1664 1379 ab
1683 1336 1926 1392 hujusmodi

482 1400 722 1443 hominibus
767 1401 891 1456 plane
936 1401 1094 1443 destrui
1140 1403 1414 1444 necessariam
1450 1403 1567 1444 illam
1604 1402 1926 1453 cohaerentiam,

484 1479 592 1521 quae
623 1466 704 1507 Dei
734 1465 952 1508 voluntate
979 1466 1196 1508 intercedit
1223 1467 1333 1508 inter
1364 1472 1591 1522 utrumqne
1621 1467 1821 1520 ordinem,
1853 1466 1928 1522 qui

483 1536 575 1573 tum
611 1531 656 1573 in
691 1536 852 1584 natura,
891 1537 982 1573 tum
1019 1546 1147 1587 supra
1182 1537 1376 1574 naturam
1406 1538 1479 1586 est,
1517 1532 1702 1587 itemque
1738 1533 1790 1574 ab
1827 1531 1928 1586 ipsis

483 1597 654 1638 omnino
682 1597 908 1649 immutari,
947 1596 1146 1649 subverti,
1181 1596 1309 1638 deleri
1342 1598 1568 1653 propriam,
1598 1610 1742 1639 veram
1769 1609 1928 1653 germa-

484 1674 667 1716 namque
703 1661 873 1703 divinae
909 1661 1173 1703 revelationis
1210 1661 1405 1714 indolem,
1441 1662 1747 1714 auctoritatem,
1787 1661 1928 1703 Eccle-

485 1726 652 1781 siaeqne
684 1726 1023 1768 constitutionem
1060 1731 1102 1768 et
1139 1731 1401 1781 potest-atem.
1460 1726 1605 1781 Atque
1642 1740 1690 1768 eo
1728 1726 1926 1781 opinandi

488 1791 725 1833 temeritate
759 1791 1095 1846 progrediuntur,
1129 1798 1176 1832 ut
1212 1805 1377 1832 omnem
1406 1792 1640 1843 veritatem,
1674 1803 1924 1845 omnemque

487 1856 638 1912 legem,
657 1861 903 1911 potestatem
922 1862 965 1898 et
977 1856 1047 1912 jus
1063 1857 1232 1898 divinae
1246 1856 1417 1911 originis
1433 1856 1708 1898 audacissime
1727 1856 1931 1910 denegare

490 1936 573 1964 non
600 1927 799 1964 metuant.
856 1922 1073 1977 Siquidem
1104 1921 1219 1963 haud
1250 1923 1501 1964 erubescunt
1533 1935 1722 1974 asserere,
1754 1921 1931 1976 philoso-

492 1988 713 2044 phicarum
732 2002 884 2041 rerum,
906 2001 1153 2043 morumque
1172 1988 1401 2037 scientiam,
1434 1988 1620 2041 itemque
1651 1986 1794 2028 civiles
1821 1985 1932 2041 leges

491 2067 611 2109 posse
630 2058 671 2095 et
690 2054 842 2096 debere
861 2068 885 2095 a
905 2054 1048 2095 divina
1076 2053 1343 2106 revelatione,
1375 2058 1416 2095 et
1448 2052 1659 2094 Ecclesiae
1689 2052 1933 2094 auctoritate

492 2119 714 2172 declinare,
772 2125 812 2161 et
866 2118 1095 2160 Ecclesiam
1149 2132 1232 2160 non
1289 2131 1377 2159 esse
1424 2131 1569 2159 veram
1623 2117 1932 2171 perfectamque

492 2184 731 2226 societatem
751 2183 877 2238 plane
895 2184 1082 2236 liberam,
1114 2197 1190 2225 nec
1209 2182 1366 2238 pollere
1385 2183 1468 2225 suis
1486 2182 1664 2237 propriis
1684 2187 1725 2223 et
1747 2187 1933 2223 constan-

492 2250 606 2291 tibus
615 2249 782 2304 juribus
797 2248 875 2290 sibi
895 2263 919 2289 a
949 2249 1093 2290 divino
1124 2261 1197 2289 suo
1225 2248 1467 2289 Fundatore
1495 2246 1668 2298 collatis,
1699 2245 1770 2287 sed
1799 2245 1933 2286 civilis

492 2316 709 2370 potestatis
737 2328 824 2356 esse
855 2313 1042 2365 definire,
1074 2327 1183 2368 quae
1213 2314 1295 2354 sint
1327 2312 1536 2354 Ecclesiae
1561 2311 1660 2366 jura
1694 2315 1734 2352 ct
1764 2311 1931 2362 limites,

492 2381 604 2422 intra
660 2395 767 2436 quos
822 2380 966 2422 eadem
1016 2380 1114 2435 jura
1161 2393 1350 2421 exercere
1395 2383 1533 2433 queat.
1589 2377 1704 2419 Hinc
1743 2390 1934 2431 perverse

493 2447 877 2499 comminiscuntur,
901 2446 1067 2488 civilem
1086 2450 1336 2501 potestatem
1351 2457 1469 2499 posse
1487 2457 1531 2484 se
1548 2441 1780 2484 immiscere
1800 2441 1933 2493 rebus,

494 2527 603 2570 quae
632 2514 684 2555 ad
718 2513 976 2568 religionem,
1010 2526 1145 2554 mores
1175 2515 1215 2552 et
1246 2510 1430 2565 regimen
1463 2507 1680 2564 spirituale
1714 2507 1933 2562 pertinent,

494 2584 622 2634 atque
668 2578 795 2620 etiam
841 2577 1054 2632 impedire,
1104 2576 1326 2631 quominus
1373 2575 1589 2616 Sacrorum
1630 2571 1854 2613 Antistites
1892 2575 1933 2612 et-

492 2643 637 2685 fideles
656 2643 801 2698 populi
822 2656 917 2684 cum
936 2642 1130 2684 Romano
1145 2639 1350 2682 Pontifice
1368 2651 1560 2694 supremo
1579 2637 1706 2679 totius
1726 2635 1933 2677 Ecclesiae

495 2708 668 2751 Pastore
686 2708 888 2750 divinitus
907 2707 1132 2749 constituto
1151 2706 1280 2747 libere
1300 2718 1348 2746 ac
1368 2708 1514 2745 mutuo
1534 2701 1852 2752 communicent,
1886 2705 1935 2742 ut

493 2777 620 2834 plane
673 2775 924 2819 dissolvatur
960 2773 1190 2816 necessaria
1228 2776 1270 2815 et
1308 2769 1538 2813 arctissima
1581 2767 1653 2809 illa
1684 2765 1934 2822 conjunctio,
