2320 3352
48 1563 52 1581 l

48 1649 51 1659 l

62 1815 65 1828 ε

63 1944 66 1957 x

63 1969 67 1983 z

65 1992 67 2014 l
92 2006 93 2009 ,

63 2021 68 2059 ἑ

64 2061 68 2083 l

65 2086 69 2152 ἱ

66 2156 69 2169 ’,

67 2248 70 2256 .

64 2353 74 2524 „sauna——
67 2338 71 2346 -
67 2308 71 2332 -«
66 2261 71 2298 .„.,-

517 337 579 382 90
913 349 1193 383 uouendum
1228 345 1558 387 Qunnncnnsn

524 455 597 500 10.
630 452 713 500 An
747 452 814 501 sit
849 468 1041 515 corpore
1077 466 1264 507 sanus3
1301 450 1449 512 frugi,
1479 448 1689 512 patiens„
1722 452 1871 509 atque
1904 447 1959 495 in

646 537 1074 587 administratione
1096 552 1257 585 rerum
1278 535 1626 599 temporalium
1646 539 1869 582 versatus
1888 531 1911 579 ’ἒ

525 625 598 670 11.
631 623 807 691 Utrum
830 622 894 670 sit
916 621 1145 684 propositi
1166 626 1330 676 tenax,
1362 636 1429 669 an
1461 619 1665 683 ingenio
1686 615 1917 668 mutabili
1937 615 1960 664 ’ἒ

526 708 598 753 12.
632 707 766 754 Num
818 705 1030 768 gaudeat
1081 704 1218 753 sarna
1258 703 1546 759 honestatis,
1599 707 1651 750 et
1702 715 1770 750 an
1816 699 1962 749 fuerit

648 805 870 852 unquam
892 789 942 836 in
963 804 1022 836 eo
1044 787 1161 850 quid
1184 793 1353 835 contra
1382 803 1542 835 mores
1563 786 1586 833 ’ἒ

528 876 598 921 13.
633 874 713 920 An
766 874 819 921 in
873 872 1160 921 exercendis
1214 871 1601 921 sacerdotalibus
1654 870 1843 919 muniis
1897 869 1964 917 sit

650 964 884 1014 attentuS‚
909 958 1213 1020 compositus
1234 972 1344 1005 cum
1367 956 1727 1013 aedificatione,
1750 955 1962 1003 rubrica-

653 1057 758 1090 rum
784 1041 1033 1090 studiosus
1055 1041 1368 1090 observator?

530 1130 602 1174 14.
635 1129 716 1175 An
760 1127 949 1184 habitu,
1003 1133 1163 1189 gestu,
1215 1128 1433 1185 incessu,
1476 1142 1702 1176 sermone
1755 1126 1964 1187 aliisque

651 1214 882 1262 omnibus
905 1215 1198 1276 gravitatem
1221 1229 1279 1263 ac
1312 1215 1603 1276 religionem
1636 1212 1964 1277 praeseferat‘!

766 1550 1096 1601 EPISTOLA
1127 1554 1407 1603 PATRUM
1442 1552 1737 1602 CONCILII

531 1688 850 1721 EMINEN'HSSIMO
869 1692 988 1722 CARD.
1009 1695 1052 1722 X.
1073 1694 1217 1723 RIARIO
1248 1693 1399 1723 SFORzA
1427 1693 1747 1725 ARCHIEPISCOPO
1777 1692 1972 1722 NEAPOLI-

721 1795 726 1802 ,
799 1769 922 1809 TANO,
942 1771 1201 1806 COETERISQUE
1218 1772 1316 1800 mus
1335 1771 1485 1800 ITALIAE
1501 1771 1704 1800 EPISGOPIS

1000 1848 1047 1876 IN
1065 1848 1203 1877 EXILIO
1229 1847 1500 1877 GEMEN'HBUS.

598 1982 699 2030 Nos
721 1984 872 2033 totius
895 1985 1130 2048 Regionis
1153 1987 1465 2036 Canadensis
1483 1986 1729 2050 Episcopi,
1751 1985 1813 2034 de
1830 1985 1976 2034 rebus

535 2065 724 2115 Vestris
747 2070 974 2118 certiores
997 2072 1130 2130 facti,
1157 2079 1426 2135 antequam
1445 2072 1504 2121 de
1528 2073 1755 2121 Concilio
1778 2072 1977 2120 Provin-

535 2151 668 2207 ciali,
723 2154 804 2202 cui
848 2171 930 2217 per
972 2157 1155 2218 aliquot
1202 2157 1306 2206 dies
1356 2157 1623 2213 adfuimus,
1665 2162 1979 2214 revertamur,

537 2238 694 2285 amori
746 2255 844 2301 quo
901 2242 1144 2290 afficimur
1196 2259 1311 2304 erga
1364 2243 1706 2291 Eminentiam
1750 2242 1981 2291 Vestram

537 2320 695 2370 facere
749 2325 871 2373 satis
924 2327 1204 2388 nequimus,
1259 2328 1358 2376 nisi
1412 2327 1576 2389 aliquo
1621 2326 1768 2375 modo
1828 2327 1981 2376 Vobis

539 2406 908 2468 patefaciamus.
1602 2416 1604 2418 ’

606 2491 712 2539 Nos
735 2493 980 2555 equidem,
1004 2497 1091 2558 qui
1111 2496 1256 2545 bonis
1279 2496 1414 2559 pacis
1436 2497 1655 2554 fruimur,
1695 2497 1842 2559 longo
1865 2497 1983 2546 licet

542 2574 801 2626 intervallo
843 2579 1020 2637 dissiti,
1065 2581 1303 2631 charitate
1346 2586 1514 2630 autem
1558 2581 1713 2630 Vobis
1755 2582 1983 2644 proximi,

543 2660 677 2708 mala
731 2677 840 2724 quae
894 2664 1122 2726 patimini
1177 2665 1441 2713 nobiscum
1482 2665 1804 2721 revolventem
1864 2663 1986 2713 dum

546 2746 731 2795 scelera
755 2748 1169 2811 nequissimorum
1194 2750 1473 2807 hominum,
1498 2749 1735 2799 Ecclesiae
1768 2749 1987 2798 hostium
