2396 3416
626 386 689 443 68
1037 399 1318 433 cononum
1341 398 1673 438 aasumensi:

626 500 852 564 ejusdem
906 490 1143 550 Ecclesiae
1197 518 1418 558 causam,
1475 503 1601 564 jura,
1666 500 1953 550 doctrinam·
2010 518 2069 549 ac

627 587 907 635 libertatem
930 593 1125 635 strenue
1148 587 1273 634 tueri
1310 585 1665 633 aedefendere.
1732 586 1797 633 Et
1830 585 2071 647 quoniam

624 670 774 734 probe
826 670 983 718 nostis
1040 678 1316 718 monstrosa
1368 669 1659 732 opinionum
1717 675 1968 731 portenta,
2010 685 2069 717 ae

625 752 897 805 diabolicas
944 769 1136 815 prorsus
1191 759 1331 809 artes,
1386 753 1610 808 insidiaS,
1663 759 1714 801 et
1771 753 2077 810 mol-itiones,

623 837 805 899 quibus
828 836 1024 884 inimici
1045 836 1274 884 homines
1297 836 1523 884 omnium
1544 843 1755 893 mentes,
1778 837 2070 898 animosque

627 937 946 984 corrumpere,
964 928 1013 969 et
1031 937 1060 968 a
1078 921 1310 983 religione
1326 921 1571 969 catholica
1588 922 1799 969 avellere
1814 928 2073 978 conantur,

627 1007 806 1056 iccirco
841 1006 957 1055 certi
996 1022 1184 1064 sumus,
1225 1007 1342 1063 Vos,
1382 1007 1702 1055 Venerabiles
1742 1008 1952 1062 Fratres,
1991 1024 2073 1069 pro

633 1092 819 1140 eximia
861 1092 1034 1139 Vestra
1076 1092 1310 1153 religione
1353 1098 1403 1139 et
1447 1091 1741 1140 sacerdotali
1782 1094 1902 1148 zelo,
1948 1093 2074 1140 nihil

633 1193 855 1239 unquam
900 1176 1206 1239 inexpertum
1251 1193 1360 1225 esse
1403 1178 1672 1235 relicturos,
1712 1194 1809 1240 quo
1848 1177 2074 1226 adversa-

633 1263 814 1310 riorum
837 1261 1045 1309 insidias
1068 1261 1308 1324 detegere,
1344 1278 1525 1310 errores
1558 1279 1835 1325 coarguere,
1858 1265 2076 1326 impetus
2114 1266 2117 1269 ’

629 1347 867 1409 frangere,
921 1354 970 1395 et
1024 1346 1214 1395 fideles·
1249 1363 1379 1395 curae
1434 1348 1618 1395 Vestrae
1672 1349 1980 1396 commissos
2013 1349 2077 1397 ab

633 1431 893 1479 venenatis
934 1431 1146 1493 pascuis·
1190 1447 1367 1487 arcere,
1412 1431 1480 1479 ad
1518 1432 1754 1480 salutaria
1798 1432 2077 1494 propellere,

636 1531 820 1577 eosque
854 1515 1015 1577 magis
1054 1515 1107 1562 in
1146 1514 1253 1563 dies
1291 1515 1503 1562 enutrire
1537 1515 1697 1562 verbis
1737 1514 1869 1572 fidei,
1908 1521 1959 1563 et
1996 1531 2080 1578 per

637 1600 902 1662 gratiarum
925 1599 1226 1648 charismata
1250 1600 1552 1655 confirmare,
1590 1605 1638 1647 et
1673 1615 1849 1647 omnes
1872 1600 2079 1649 miseros

637 1690 854 1732 errantes
877 1683 938 1731 ad
964 1684 1195 1740 veritatiS,
1235 1683 1507 1744 salutisque
1545 1684 1751 1731 semitas
1769 1699 1997 1732 revocare
2031 1691 2081 1732 et

630 1769 830 1817 Christo
852 1768 1133 1816 lucrifacere
1157 1768 1371 1830 possitis.
1429 1767 1621 1829 Pergite
1645 1775 1813 1816 autem
1840 1785 1940 1816 una
1963 1785 2081 1817 cum

637 1854 811 1902 Vestro
851 1852 991 1900 Clero
1034 1852 1319 1914 Populoque
1362 1850 1498 1899 fideli
1547 1851 1935 1900 ferventissimas
1979 1853 2082 1901 Deo

640 1941 846 2003 Optimo
869 1939 1091 1987 Maximo
1113 1939 1220 1986 sine
1245 1938 1611 1986 intermissione
1634 1937 1864 1987 adhibere
1898 1955 2083 2002 preces,-

638 2031 693 2071 ut
721 2028 926 2083 exurgat
948 2028 998 2069 et
1014 2020 1202 2082 judicet
1226 2037 1431 2068 causam
1465 2037 1625 2077 suam,
1665 2026 1715 2068 et
1756 2023 2084 2085 omnipotenti

641 2125 731 2157 sua
756 2108 931 2155 virtute
955 2107 1437 2155 turbulentissimam
1461 2106 1590 2154 hanc
1624 2107 1837 2169 depellat
1873 2115 2083 2171 tempes-

643 2200 800 2249 tatem
823 2209 884 2240 ex
922 2192 1186 2240 inferorum
1224 2192 1373 2254 portis
1413 2199 1582 2240 contra
1622 2194 1901 2242 Ecclesiam
1942 2212 2085 2244 suam

641 2287 869 2329 sanctam
921 2279 1208 2334 excitatam,
1281 2284 1429 2339 utque
1484 2295 1659 2326 omnes
1716 2280 1970 2338 Ecclesiae,
2037 2289 2088 2330 et

647 2353 941 2431 Apostolicae
963 2365 1109 2428 hujus
1133 2364 1273 2413 Sedis
1295 2364 1528 2413 inimicos
1549 2365 1794 2421 humiliet,
1826 2366 2088 2429 disperdat,

646 2453 854 2514 illosque
896 2451 953 2498 de
998 2449 1284 2512 perditionis
1331 2449 1414 2496 via
1473 2448 1534 2496 ad
1575 2450 1797 2511 justitiae,
1852 2452 2089 2510 veritatis,

652 2536 920 2596 salutisque
943 2534 1195 2583 tramitem
1219 2533 1433 2581 reducat.
1458 2534 1899 2584 Persuasissimum
1920 2544 2089 2587 autem

651 2622 803 2670 Vobis
859 2621 936 2677 sit,
992 2618 1094 2667 Nos
1137 2619 1478 2682 paratissimos
1520 2635 1630 2667 esse
1690 2621 1755 2668 ad
1807 2638 1865 2670 ea
1920 2625 2092 2672 omnia

655 2704 945 2771 peragenda,
981 2719 1090 2766 quae
1121 2704 1175 2751 in
1199 2705 1432 2765 majorem
1457 2704 1700 2761 Vestram,
1724 2722 1782 2753 ac
1806 2707 2092 2757 Vestrarum

656 2789 959 2841 Dioecesium
1027 2788 1301 2837 utilitatem-
1355 2787 1526 2836 cedere
1596 2805 1737 2851 posse
1792 2792 2088 2842 noverimus.
